4009 6184
166 329 223 385 sar
711 335 714 340 ,
849 305 1115 373 roooecoorcus.
1751 316 1807 380 a„

167 438 195 493 in
228 453 277 506 ons
308 434 446 490 catholicae
477 431 608 489 doctrinae
635 430 765 486 adsersus
798 428 956 499 Pelagianos
971 429 1079 499 Arione
1098 428 1233 483 rectissimi.
1254 426 1369 484 Proinde
1388 430 1436 486 ulii
1456 430 1569 488 sensus
1590 432 1734 502 messii,
1756 434 1805 488 etii

167 536 281 583 asserico
305 540 410 580 summa
436 529 523 593 capitu
548 521 681 587 extimuit,
706 521 762 575 lama
785 520 835 574 suit
857 520 960 573 initium
1012 520 1161 592 uigilantius
1170 519 1387 590 perciperemus
1397 523 1526 576 tractandi
1536 523 1640 592 guidem
1654 523 1746 589 lenius.
1760 525 1807 580 res

168 621 299 690 adjiciens
312 616 350 690 ta)
367 635 375 672 ε
390 616 493 686 itaque,
508 620 587 686 frater
606 614 765 679 charissime,
780 613 893 680 quassaris
912 626 963 663 nort
1013 630 1066 668 nou
1079 613 1181 684 segnius
1194 612 1305 668 docendi
1318 628 1328 667 .·
1346 621 1375 668 ut
1387 614 1411 668 si
1423 630 1476 669 aon
1491 616 1623 683 timentur,
1634 632 1667 671 oe
1679 617 1806 686 pardonis

170 723 195 765 re
209 710 341 764 uideamus
356 707 437 762 aeratis
451 708 547 769 cantis,
558 705 645 758 animo
655 711 739 757 taurea
756 704 782 756 r'n
795 701 847 771 fide
857 700 962 766 Carisi,
1014 720 1065 760 aare
1080 715 1165 758 samen
1178 704 1351 776 negligantur,
1367 720 1399 759 ue
1412 713 1527 776 pereant.
1538 699 1555 759 's

168 802 197 854 in
212 800 295 873 gratia
311 796 418 863 Christi.
434 800 461 852 io
476 796 595 852 muniris
613 793 709 850 Cirristi
726 803 850 856 teneoras,
864 792 963 863 ampie-
1052 797 1079 852 5.
1100 794 1225 866 Prosperi
1237 804 1299 849 vota
1315 795 1395 851 rebus
1411 798 1539 866 praeclare
1553 799 1635 867 gestis
1648 801 1810 872 comprobs·

170 895 276 957 utimar,
292 893 448 947 osculamur.
561 891 567 899 ’
1015 888 1054 944 rit
1074 888 1175 959 xystus
1196 888 1224 943 ia
1248 888 1322 943 Petri
1343 889 1470 944 cathedra
1490 892 1662 948 constitutus.
1683 893 1712 948 id
1728 908 1809 964 porro

207 983 236 1041 i.
259 983 376 1054 Huiusce
403 980 606 1053 augustinianae
638 979 759 1050 epistotae
787 977 964 1048 fragmentum
1017 977 1236 1033 cumuiatcsatis
1252 979 1454 1049 testantorejos
1467 980 1811 1052 epistota‚quoscoossn·

170 1078 272 1134 recitat
299 1076 429 1146 Prospers
452 1074 496 1144 qui
517 1071 679 1145 pastoralem
704 1069 779 1141 xysti
802 1067 965 1138 vigilantiam
1018 1071 1083 1125 tium
1097 1068 1181 1124 secuti
1195 1083 1301 1123 rursum
1316 1069 1471 1125 edidimus:
1486 1085 1644 1139 stauarum
1658 1075 1809 1130 unsiocam

171 1168 299 1233 laudans,
314 1167 364 1221 ista
385 1163 523 1235 premittit
536 1164 595 1234 iii:
612 1162 772 1232 Confidimus
788 1160 891 1215 Domini
904 1175 966 1231 pro·
1018 1159 1136 1213 recitans
1155 1157 1313 1213 Vincentius
1333 1159 1492 1225 Lirinensis,
1517 1159 1574 1215 lsaec
1587 1160 1667 1217 labet
1688 1162 1749 1232 (d):
1769 1165 1810 1218 Ad

171 1260 284 1314 ustione
297 1256 482 1327 prestandum,
495 1266 523 1310 ut
536 1259 606 1326 qued
620 1263 738 1326 operatas
748 1261 786 1307 est
799 1253 826 1306 in
843 1250 969 1306 lorroeeu·
1018 1257 1159 1304 eutramnus
1170 1249 1501 1319 edieciotus...apastolisar
1510 1251 1578 1306 sedis
1587 1254 1810 1320 auctoritatem...

172 1350 222 1418 tio,
238 1347 351 1410 zosimo,
368 1346 516 1417 Boniiacio,
530 1344 677 1411 Caelestino,
695 1353 813 1416 operetur
826 1344 853 1396 io
869 1341 969 1412 insta:
1019 1342 1116 1395 scitieet
1130 1343 1214 1395 sancti
1229 1357 1304 1412 popae
1317 1339 1405 1410 lusti,
1420 1342 1464 1413 oui
1478 1357 1546 1397 nunc
1560 1342 1704 1399 lioosaoaos
1718 1344 1812 1401 Eccle-

172 1442 240 1496 etin
255 1440 371 1494 custodia
387 1437 609 1510 Dominieigrogis
625 1438 722 1492 lraecsit
737 1435 970 1506 porsgiorr‘ceiior'c
1020 1434 1087 1488 siam
1108 1432 1269 1486 reserandus
1294 1431 1410 1487 illustrat
1414 1472 1468 1487 .....
1494 1435 1537 1488 iis
1560 1435 1598 1487 ita
1621 1446 1724 1490 sanetus
1745 1454 1813 1510 papa

172 1538 306 1585 resemata
319 1529 426 1600 pastori,
441 1539 470 1581 ut
481 1527 546 1581 sieut
555 1527 596 1580 iiii
604 1527 681 1595 lupas
694 1528 799 1597 abegere
810 1525 970 1593 manifestos,
1020 1522 1120 1594 Xystus
1134 1524 1160 1576 in
1175 1523 1283 1594 epistota
1295 1539 1373 1594 amm
1386 1524 1419 1578 de
1432 1540 1511 1578 ussa
1527 1523 1642 1580 Nestorii
1655 1526 1814 1581 Antiocheno

172 1621 216 1690 ita
235 1622 277 1675 ilc
295 1619 406 1692 depellat
424 1619 537 1673 occultos
551 1633 560 1673 :
574 1619 620 1672 iiio
638 1618 741 1671 corilus
759 1617 812 1670 suis
828 1615 971 1670 doctissimi
1021 1615 1091 1668 arisit
1105 1614 1223 1686 episcopo
1235 1615 1273 1684 (e)
1287 1632 1293 1666 ι
1308 1613 1409 1684 «Ergo.
1425 1616 1519 1685 inquit,
1533 1618 1607 1687 quia,
1621 1619 1687 1673 sicut
1698 1620 1735 1673 ait
1745 1621 1814 1692 ipo-

173 1712 248 1766 seais
269 1710 434 1782 (Augustini)
454 1710 586 1764 intonante
600 1724 726 1774 emmone,
742 1723 793 1778 ouo
807 1705 970 1761 coitairarau·
1021 1706 1114 1774 stolas,
1133 1709 1196 1778 fides
1213 1725 1265 1762 arra
1284 1716 1321 1763 est
1338 1724 1394 1777 ques
1412 1709 1542 1763 euidenter
1560 1708 1614 1782 [at.
1635 1720 1659 1765 et
1675 1712 1816 1786 uincentes}

175 1810 230 1855 tem
248 1816 334 1855 secant
349 1800 465 1854 ttortatus
484 1807 536 1864 est,
551 1798 638 1852 diceus
653 1796 690 1868 (c)
706 1815 713 1851 z
729 1814 739 1849 ι
755 1796 822 1852 Sunt
834 1798 901 1850 enim
915 1796 972 1865 aui·
987 1799 1010 1858 Β
1025 1800 1144 1869 retorsit,
1157 1800 1267 1854 diceudo
1276 1800 1422 1862 credantur.
1432 1811 1455 1855 et
1468 1802 1577 1855 terrenda
1590 1801 1716 1857 dicamus.
1730 1804 1814 1868 »Ques

175 1892 239 1946 dans
253 1892 298 1961 oui
306 1891 451 1964 justissime
463 1891 597 1944 damnatas
610 1889 752 1956 impietates
767 1888 852 1942 aditus
866 1887 971 1941 ilbertus
1025 1899 1087 1946 suut
1105 1890 1208 1945 taudem
1227 1891 1273 1945 iliu
1292 1891 1419 1946 credenda
1440 1900 1465 1945 et
1487 1892 1616 1946 dicenda?
1637 1892 1769 1962 Sequitur,
1789 1901 1814 1948 et

176 1982 355 2054 defundendas
376 1990 469 2055 putaret
488 1998 498 2036 .·
518 1991 541 2035 et
560 1990 620 2035 surtt
636 1981 679 2049 qui
697 1978 821 2034 occultius
840 1985 972 2044 penetrarat
1025 1981 1084 2036 trit:
1099 1999 1109 2034 ι
1124 1979 1172 2036 titt
1187 1981 1266 2048 uitro,
1278 1981 1370 2047 iuquit,
1382 1981 1458 2035 ilseat
1472 1982 1590 2043 nouitati,
1601 1982 1662 2052 quia
1676 1982 1741 2037 rriirii
1751 1982 1814 2036 addi

176 2073 281 2139 domas,
298 2080 322 2126 et
336 2072 405 2142 guod
419 2074 446 2126 ia
461 2081 550 2144 aperta
564 2070 676 2125 ciamare
685 2072 742 2142 jam
755 2080 881 2133 metuunt,
895 2069 922 2122 in
932 2083 972 2122 se·
1026 2072 1143 2127 conseruit
1160 2072 1287 2126 setuucti.
1306 2072 1447 2142 Perspicua
1461 2075 1588 2141 maiarum
1604 2074 1667 2136 fides
1681 2083 1705 2128 et
1723 2075 1815 2128 medu-

175 2172 248 2217 eretc
262 2166 388 2217 renouare
399 2179 452 2217 uon
464 2162 609 2234 quiescunt.
627 2160 695 2217 Sunt
713 2169 798 2215 auterrr
811 2160 854 2229 gui
868 2160 971 2214 coruino
1025 2164 1085 2218 illas
1100 2162 1175 2218 outia
1188 2164 1252 2218 coeoi
1271 2164 1439 2234 permistione
1452 2165 1576 2218 turbetur.
1596 2182 1606 2216 r
1624 2164 1734 2219 limaino
1749 2181 1815 2230 apo·

176 2253 319 2318 nituerunt,
335 2270 428 2326 magua
447 2255 538 2309 timore
558 2254 713 2324 compressi;
727 2254 773 2307 sed
792 2253 877 2307 adius
896 2253 972 2307 carde
1024 2255 1113 2310 usuca
1124 2270 1134 2309 c
1146 2263 1174 2308 ut
1187 2256 1315 2327 majoratu
1328 2252 1506 2308 crrduiiuteos
1521 2245 1711 2324 perspicuitatis
1720 2252 1816 2307 turture

176 2345 316 2399 retinentes
333 2345 403 2416 quod
421 2360 466 2400 ore
484 2349 598 2417 proferre
618 2361 668 2399 nan
687 2344 801 2410 cudent,·
823 2344 867 2414 gui
888 2354 974 2398 rames
1028 2355 1141 2413 moeret,
1164 2348 1271 2401 novitias
1291 2361 1350 2402 serc
1372 2346 1546 2417 profanitates
1564 2346 1629 2399 cuni
1650 2346 1818 2417 permistione

176 2449 235 2490 esse
249 2434 373 2505 tratribus
387 2435 494 2507 morunt
507 2452 539 2491 ex
552 2435 639 2508 priore
651 2436 733 2509 ipsius
747 2437 874 2508 dogmatis
887 2436 977 2505 deien-
1029 2435 1192 2491 destrueret.

227 2662 244 2716 i
275 2662 369 2732 Prosp.
386 2675 472 2719 contr.
489 2666 585 2720 siritu.
600 2679 662 2730 cap.
677 2664 725 2732 ii,
738 2663 773 2720 al.
791 2663 836 2733 ll,
853 2678 927 2717 rrum.
941 2663 973 2718 i.
1061 2663 1098 2734 ie)
1117 2662 1195 2735 iigst.
1211 2680 1258 2733 cp.
1271 2665 1298 2731 u
1312 2679 1389 2719 num,
1402 2663 1430 2731 7,
1445 2663 1525 2719 iutra.

227 2608 243 2645 a
273 2592 344 2663 ang.
355 2592 438 2663 epist.
450 2593 513 2657 iil,
527 2610 604 2650 num.
617 2593 646 2649 ἱ.
1062 2593 1101 2662 (d)
1123 2593 1199 2648 vtae.
1215 2591 1269 2648 Ltr.
1283 2597 1425 2653 common.
1439 2594 1467 2649 ἰ.
1483 2608 1546 2663 cap.
1557 2593 1602 2649 52.

229 2592 256 2803 r}
275 2736 344 2805 Aug.
359 2735 439 2804 epist.
456 2733 508 2790 tui
521 2735 581 2804 clu,
595 2751 669 2789 nutis.
681 2734 710 2787 i.

184 2894 703 2914 *ffl-

737 2990 902 3054 uostris
925 2986 1245 3051 scnoeuuntauot.

709 3137 762 3199 ilis
785 3136 885 3187 Schoest.
905 3131 970 3184 utut.
992 3130 1059 3181 ittst.
1076 3128 1123 3180 ltu.
1144 3136 1201 3179 tom.
1224 3126 1274 3192 il.)

418 3272 467 3346 il.
490 3270 547 3327 lito
565 3269 641 3341 ipati
659 3282 743 3340 papa.
989 3257 1166 3325 Cspitemam
1180 3270 1241 3311 esse
1263 3254 1408 3312 novitatem
1433 3257 1569 3315 ooireruu
1580 3259 1726 3331 Scriptum
1748 3276 1817 3319 cup.

219 3368 287 3425 Orto
303 3366 451 3429 Romanus,
464 3359 612 3419 Coelcstino
626 3356 756 3415 successit
770 3369 840 3410 anno
852 3353 916 3418 iss,
931 3366 976 3406 or·
1029 3348 1148 3413 traciam,
1164 3346 1349 3417 legitimasque
1362 3358 1391 3403 et
1403 3349 1528 3419 antiquas
1537 3359 1692 3406 sanctorum
1709 3350 1819 3408 Parrum

182 3461 293 3516 dictatos
308 3456 453 3514 seeundum
470 3454 612 3511 Baroolum
621 3450 656 3507 au
670 3450 712 3506 die
721 3449 828 3520 Aprilis,
840 3445 922 3516 Pugio
932 3444 977 3514 io·
1028 3438 1186 3497 traditiones
1213 3440 1496 3508 anatliematizaotem,
1521 3453 1596 3512 gesta
1619 3443 1692 3499 illius
1706 3445 1813 3500 concilii

182 3547 335 3607 elicetlieil
342 3548 441 3604 mensis
451 3538 524 3603 istit.
539 3542 660 3600 llicdum
674 3541 763 3597 sdlruc
772 3540 799 3595 io
808 3535 975 3608 presbyterio
1026 3530 1086 3586 sine
1098 3530 1202 3586 ratione
1214 3540 1243 3585 et
1256 3531 1360 3600 legibus
1373 3540 1400 3587 et
1416 3532 1450 3584 ab
1465 3533 1524 3602 ipso
1537 3533 1658 3603 principe
1673 3536 1819 3603 resarciata

185 3641 351 3695 constitutas
375 3646 467 3702 esset,
489 3635 552 3692 odio
575 3634 603 3689 in
628 3632 764 3701 Pelagium
776 3639 803 3686 et
816 3626 974 3684 leestlorn
1027 3620 1191 3691 omninoque
1201 3617 1293 3691 Cyritli
1304 3620 1462 3676 elireoatam
1478 3621 1504 3676 in
1517 3623 1821 3683 illlsluisseticeatisro.

186 3747 286 3786 tromeo
301 3745 379 3784 soum
396 3730 524 3801 inclytum
547 3725 622 3781 lecit.
643 3722 709 3779 llam
729 3736 790 3777 aaut
810 3720 902 3775 nescio
922 3730 975 3787 qua
1027 3711 1112 3766 Turno
1127 3712 1213 3780 majus
1229 3713 1277 3781 ipsi
1293 3714 1419 3781 gaudium
1442 3709 1493 3765 init
1515 3714 1626 3766 motatio
1640 3713 1821 3770 ioannisin·

186 3830 266 3890 paeto
280 3819 451 3889 lamsaiiqua
465 3817 672 3881 solariumst,
690 3812 804 3885 lipsium
819 3825 872 3866 non
887 3810 974 3864 sotum
1028 3800 1153 3863 tiociseni,
1178 3803 1223 3870 qui
1250 3800 1309 3869 ipso
1333 3800 1495 3869 imperatore
1511 3801 1634 3856 hortante
1661 3805 1768 3859 undem
1787 3820 1822 3861 sa

187 3910 289 3986 Pelagii
300 3909 429 3964 doctrinae
451 3906 553 3973 lavere,
565 3904 613 3960 sed
628 3904 746 3973 ipsorum
760 3901 841 3957 ctiam
856 3897 976 3966 Pelagiu—
1026 3892 1170 3946 sententiae
1181 3891 1209 3945 in
1228 3889 1381 3946 Nestorium
1407 3890 1517 3959 nutriatur
1539 3894 1670 3950 assentire
1691 3906 1719 3951 et
1733 3896 1817 3951 ilsx'r·

187 4017 283 4056 sorum
298 4001 412 4055 amicum
429 4014 461 4054 aa
476 4007 617 4066 patronam
638 4008 718 4051 esse:
740 3992 810 4047 adeo
822 3987 912 4044 animo
934 3988 976 4042 in·
1026 3981 1144 4036 mianum
1156 3996 1205 4053 pro
1219 3983 1346 4053 episcopo
1360 3983 1656 4053 Constantinopolitano
1669 4003 1821 4055 agnoscere

186 4105 286 4147 eensus
297 4100 338 4146 est
353 4089 387 4144 sd
401 4089 471 4144 harto
481 4086 644 4143 calomniam
656 4082 821 4146 diluendam,
832 4088 861 4135 ot
873 4079 975 4148 primas
1026 4070 1166 4141 psalmatus
1188 4081 1258 4128 erat.
1278 4072 1351 4129 lotar
1374 4085 1510 4129 extremas
1525 4075 1583 4145 ajars
1598 4077 1692 4133 hodes
1716 4080 1822 4139 reterre

186 4184 213 4237 io
225 4182 341 4237 concilio
355 4169 476 4236 Coeiestit
490 4193 570 4233 causa
584 4192 611 4232 a.
624 4175 678 4232 itt
690 4172 783 4229 iabito
794 4169 934 4226 anatliema
947 4167 974 4223 ia
1027 4165 1126 4234 solent,
1136 4164 1230 4234 qtmda
1243 4164 1613 4237 Prosperoaccepirous.eom
1623 4168 1720 4226 iuliani
1734 4181 1821 4240 arus,

185 4289 248 4331 eom
264 4275 460 4346 pronuntiaret.
476 4269 535 4327 llos
549 4269 628 4336 etlam
641 4268 738 4323 litteris
751 4265 785 4321 sd
796 4261 974 4334 Augrtstinom
1025 4259 1228 4328 quibusiterurn
1247 4258 1275 4313 in
1289 4258 1416 4315 Ecclesia
1435 4260 1575 4317 caritaiicae
1598 4264 1819 4322 communionem

185 4380 214 4424 et
238 4367 363 4439 Alypium
379 4365 486 4435 scriptis
510 4363 660 4419 doctrinam
682 4372 758 4415 suam
782 4357 816 4413 de
839 4355 923 4427 gratis
938 4351 974 4409 ita
1024 4350 1145 4421 irrepere
1162 4359 1275 4405 coriatus
1290 4351 1335 4414 sit.
1346 4350 1481 4417 uigilantia
1494 4367 1541 4406 soa
1556 4352 1682 4409 elusisse.
1697 4354 1770 4410 uotis
1781 4369 1816 4412 eu

186 4462 339 4532 explicarit,
357 4471 384 4515 ut
398 4460 446 4515 iile
461 4458 511 4514 sibi
524 4469 687 4528 magnopere
700 4467 759 4509 mm
774 4450 881 4522 probari
895 4458 975 4517 arque
1025 4438 1133 4495 Batonii
1143 4440 1245 4494 calculo
1256 4440 1299 4495 die
1311 4439 1713 4511 28Martii‚jostai>agium‚tlie
1722 4442 1751 4498 il
1763 4448 1819 4500 ta·

186 4553 294 4622 placere
307 4551 428 4621 epistolis
441 4550 587 4606 etiamnum
598 4543 787 4616 superstitious
799 4537 971 4612 sigoiiraret.
1025 4533 1106 4604 gusti,
1112 4532 1187 4602 jussa
1199 4531 1384 4587 &armotiam
1396 4547 1459 4587 sero
1473 4533 1525 4588 sul)
1537 4533 1710 4590 esitumiuiii
1719 4534 1818 4593 adili,

186 4644 455 4713 antonomasiam
470 4649 611 4711 potuerunt
626 4653 679 4694 non
693 4635 820 4707 prodesse
830 4633 863 4688 ad
879 4629 1015 4690 conse-1)
1222 4621 1236 4694 i
1256 4623 1290 4678 li.
1310 4622 1415 4693 Scripta
1435 4621 1513 4694 ipati
1536 4641 1619 4696 papa.

188 4736 325 4807 quendum
341 4751 475 4791 surnmum
502 4731 690 4790 ecclesiastiae
708 4727 843 4799 dignitatis
858 4723 974 4795 apicem.
1063 4713 1191 4787 Epistola
1210 4717 1269 4786 cios
1283 4716 1443 4783 superstites
1457 4715 1565 4786 scriptae
1584 4724 1664 4774 suut:
1678 4715 1689 4771 l
1703 4725 1731 4773 et
1743 4716 1765 4773 il
1784 4716 1822 4770 ori

188 4827 309 4898 Coniugii
321 4837 422 4892 autern,
436 4836 467 4880 ut
481 4826 508 4880 in
521 4825 579 4895 ipsa
593 4819 761 4878 ordinatione
781 4817 839 4887 ejus
851 4815 977 4870 adessent
1028 4806 1153 4878 Ggriiium
1163 4807 1493 4879 ditwlttlft'oessltt'twiltm·
1506 4820 1560 4864 Sti·
1574 4809 1663 4865 medlo
1672 4823 1744 4864 intio
1754 4807 1818 4864 ⁴3²«

188 4922 269 4989 ligati
291 4920 385 4990 cyrilti
409 4915 584 4974 alexandrini
601 4917 769 4982 aliorumque
789 4911 976 4980 episcopomm
1027 4896 1140 4954 Νθιιῐιῑὸῑ
1153 4912 1186 4953 0¹
1201 4897 1422 4968 lsslffitffllfffflle
1443 4899 1536 4955 (ἴω
1560 4900 1637 4956 ὓθῧῑῡ
1653 4902 1823 4954 immitit&

190 5013 263 5080 procis
277 5012 304 5065 io
318 5009 428 5066 Oriente
442 5004 724 5078 componendmcattsa
738 5000 772 5057 sd
786 5011 976 5071 processurum
1028 4995 1101 5053 sunt,
1122 4986 1218 5042 Lasine
1240 4987 1390 5043 Goteletius
1409 4988 1506 5052 restit.
1528 4988 1573 5058 (itti
1595 4990 1675 5044 etism
1692 4988 1822 5044 obsessae

190 5102 249 5171 epu
274 5102 367 5168 ntsst;
393 5108 555 5170 apaproprer
579 5096 677 5153 estote
699 5094 805 5149 tauron
824 5093 849 5147 tn
863 5088 977 5160 epistota
1030 5077 1157 5149 odorem,
1172 5079 1223 5133 cast
1237 5077 1287 5133 sort
1301 5076 1402 5150 cortilo
1424 5079 1594 5148 conscriptam,
1619 5091 1712 5133 revera
1735 5092 1822 5149 errr-

192 5195 225 5248 atl
240 5193 369 5265 cyrillum
381 5193 415 5249 de
427 5192 652 5247 ordinationcsua
665 5188 736 5243 data.
752 5185 935 5260 cyrilioenim
949 5189 977 5238 ei
1029 5169 1225 5226 elilimsuiffie·
1249 5168 1293 5238 ΠΙ,
1319 5168 1354 5222 Μ
1373 5169 1499 5235 ‘mma
1520 5184 1572 5224 iti·
1589 5182 1615 5223 ²·
1635 5169 1699 5224 ⁴53·
1723 5167 1768 5236 W,
1782 5170 1822 5224 tt*

190 5283 319 5350 Elaitesioi
333 5283 441 5339 concilii
456 5281 561 5352 placitis
574 5280 712 5336 Coelestlni
733 5275 858 5345 exemplo
871 5273 978 5330 tristiter
1029 5258 1158 5315 imm
1172 5260 1321 5332 ‘littidum
1334 5260 1531 5325 Atimetum.
1554 5274 1608 5316 tlt·
1623 5260 1720 5317 audem
1734 5275 1817 5317 atino·

190 5374 305 5429 adhaesit
325 5373 476 5443 frustraque
500 5373 534 5427 ab
556 5371 650 5427 iisdem
673 5383 734 5426 enm
750 5367 869 5423 alienare
887 5362 977 5420 conati
1030 5355 1063 5417 V,
1076 5355 1110 5408 ud
1125 5353 1275 5427 Priorum
1288 5352 1480 5411 Coriutltt'urstrt
1492 5356 1651 5424 episcorum.
1673 5369 1728 5409 scr·
1747 5369 1823 5409 auno

190 5475 252 5520 sunt
276 5464 421 5520 Eutherius
436 5463 604 5535 't'hyoneasis
618 5460 795 5518 etllcltadius
818 5454 974 5522 trausteis,
1030 5444 1093 5502 ⁴55·
1111 5443 1153 5511 Vl.
1179 5445 1213 5498 Μ
1238 5445 1367 5516 roardum
1388 5442 1580 5498 loessaloos'ca
1597 5443 1819 5515 conpromisso,

191 5556 322 5628 episcopi,
337 5558 400 5612 licet
413 5570 478 5611 rere
495 5570 547 5610 oon
574 5555 664 5610 minus
685 5564 764 5621 auam
787 5550 905 5620 graviter
924 5546 976 5616 ipsi
1030 5553 1085 5595 tct-
1102 5546 1132 5593 ¹¹2
1143 5547 1171 5593 0¹
1183 5551 1300 5606 Situens
1312 5551 1339 5591 ²·
1354 5534 1420 5591 ⁴35·
1434 5534 1491 5602 tlt,
1502 5535 1537 5590 ad
1553 5533 1676 5590 Plotium
1690 5532 1818 5589 Constan-

191 5641 373 5720 rcripsisseut,
389 5647 541 5704 Nestorium
560 5659 636 5711 aare
649 5658 681 5700 ac
694 5641 762 5697 silos
776 5641 916 5710 episcopos
936 5637 978 5691 ln·
1029 5629 1226 5701 linopoiitaouos
1251 5627 1409 5699 episcopusin.
1429 5641 1483 5682 scr.
1499 5641 1561 5684 cura
1576 5623 1818 5712 martenium.

190 5737 263 5808 irate
274 5752 335 5797 esse
348 5738 499 5808 dunstatus,
515 5736 656 5794 duodecim
672 5731 763 5806 Cyrilii
777 5728 893 5803 capitata
918 5725 978 5784 iris·
1029 5721 1100 5788 itti
1120 5722 1155 5779 ad
1166 5722 1243 5781 euius
1255 5720 1358 5792 lllyrici
1373 5721 1518 5794 episeopus.
