4009 6184
155 361 207 419 sn
736 334 1023 398 oonaomroamu
1043 333 1187 389 rnruuu.
1718 344 1784 403 ,gg

152 480 266 540 auditio
277 521 284 545 ,
295 476 358 548 quid
368 488 400 531 eo
411 470 526 528 nobilius
534 469 583 542 (l),
595 466 640 539 qui
651 467 765 538 primum
777 466 804 520 iu
814 464 933 521 cadomo
986 460 1035 516 luit
1044 467 1218 523 tamamoeaa,
1230 462 1285 512 tam
1294 457 1387 523 lactea,
1401 463 1455 511 tam
1469 454 1552 510 duleh
1565 455 1650 510 oratio
1661 464 1691 510 ut
1701 456 1769 515 milri

153 580 231 627 uatus
247 574 289 624 est
308 579 368 636 uria
386 571 428 619 est
449 561 576 616 illustrata
596 554 741 628 martyrio,
766 554 861 611 deinde
886 567 934 623 pro
986 541 1772 618 caoreipsiusuoatamrerhaquammellaquaedamduxiaae

152 660 259 716 Christo
270 672 325 711 nou
347 652 431 708 solum
442 656 517 721 patre
534 648 581 703 sed
602 647 673 701 omni
689 660 794 716 quoque
812 643 935 698 facultate
986 639 1140 695 rideanturi
1152 637 1217 706 Quae
1232 651 1286 692 non
1301 636 1344 691 ille
1354 649 1482 706 persuasu
1494 633 1610 690 diflicilia
1621 633 1771 704 disputandi

153 749 290 821 priratm,
311 751 412 799 tantum
432 741 501 794 iuter
525 744 623 792 strictae
643 733 805 806 paupertatis
825 729 933 803 proiecit
986 729 1088 783 uiribus
1102 726 1279 798 elimpidavit,
1293 740 1351 796 quae
1367 722 1530 779 iaetuardua
1542 722 1772 780 nuuutiaeillima

154 838 288 911 angustias
307 843 336 889 ιιι
352 847 400 904 pro
421 830 528 885 nomine
546 827 689 883 hominiece
705 822 880 879 confessionis
897 822 934 894 (ι)
986 818 1140 874 riderentur
1148 815 1425 873 ellccitiSedlorsitan
1433 824 1647 887 argumentorum
1654 824 1772 872 tantum·

154 930 261 1000 sapius,
273 935 302 982 ut
311 925 410 991 ierunt,
420 921 596 993 aelfligeretur.
616 919 705 988 Neque
714 931 777 972 rere
789 914 936 969 hacmillo
987 908 1068 964 modo
1090 908 1201 964 nexibus
1222 906 1386 962 adsertiones
1408 919 1471 960 suas
1492 905 1593 960 texuitl
1616 905 1673 960 lmo
1695 905 1773 977 piane

155 1021 211 1076 sola
224 1026 300 1075 erant
314 1031 374 1087 qrroe
391 1023 485 1070 comta
503 1019 594 1083 postca
607 1008 744 1066 tentationi
758 1005 863 1070 torem,
889 1004 937 1059 sed
988 1014 1068 1055 nemo
1077 1013 1193 1069 unquam
1208 997 1394 1068 magistrorum
1409 993 1458 1050 luit
1473 995 1520 1065 qul
1538 995 1657 1066 pluribus
1677 995 1773 1052 diriate

131 1131 134 1138 ¹
155 1120 229 1167 muta
241 1110 320 1166 etiam
332 1107 372 1162 ris
381 1106 488 1178 ingene,
502 1113 555 1157 tam
567 1100 700 1173 profundi,
720 1106 773 1152 tam
785 1096 864 1161 acris,
882 1103 937 1148 tam
988 1098 1054 1170 legis
1062 1103 1180 1152 uteretur
1186 1094 1323 1164 exemplis.
1334 1092 1398 1158 Sed,
1409 1091 1499 1157 credo,
1507 1106 1591 1162 pauca
1600 1091 1774 1161 conseripsitl

155 1200 283 1274 elegantis
293 1207 322 1254 ut
331 1212 424 1254 omues
435 1210 503 1265 pene
516 1194 626 1248 multum
638 1191 767 1261 longeque
780 1195 917 1257 superaret
928 1201 935 1251 ;
988 1187 1073 1242 Nemo
1080 1184 1229 1240 mortalium
1241 1183 1334 1253 plura,
1347 1188 1377 1236 nt
1389 1180 1453 1235 milri
1466 1195 1513 1235 sua
1525 1180 1614 1234 omnia
1626 1195 1679 1234 uon
1689 1179 1774 1236 soluat

157 1300 231 1346 muta
243 1288 369 1344 doctriua
388 1300 420 1340 ae
433 1284 513 1340 totins
533 1280 688 1337 eruditionis
705 1276 896 1347 magnidcemia
909 1281 939 1328 ut
989 1293 1043 1332 non
1056 1275 1166 1347 perlegi,
1177 1275 1224 1329 sed
1234 1289 1267 1328 no
1280 1273 1392 1328 inueniri
1402 1272 1508 1342 quidem
1525 1285 1604 1342 posse
1615 1271 1753 1326 uideantur
1766 1289 1773 1324 ε

157 1393 241 1450 paum
251 1376 338 1432 iorem
346 1374 456 1439 diuinae,
469 1387 536 1441 pene
546 1369 658 1425 fortasse
667 1367 737 1422 nulla
748 1365 870 1420 humana
880 1363 939 1434 phi-

157 1467 285 1537 losophiae
297 1479 356 1535 quae
366 1477 418 1517 non
431 1461 535 1530 penitus
543 1458 733 1528 adsequeretur
746 1474 752 1509 ε
766 1455 841 1524 eujus
851 1454 938 1508 scien-

158 1560 203 1614 tie
214 1556 376 1612 cameraco
389 1551 564 1608 concederent
576 1548 629 1620 (ὅ),
644 1548 753 1603 llebraea
765 1560 870 1616 quoquo
885 1544 939 1599 ela·

159 1647 334 1702 boratasunt.
348 1640 528 1711 Eloquentiam
538 1654 600 1693 uero
612 1636 675 1708 uuid
689 1650 850 1701 memorem,
865 1634 940 1703 eujus

157 1763 220 1803 rum
232 1755 273 1802 est
285 1747 354 1811 hoc,
376 1742 447 1812 quod
467 1741 504 1795 ait
525 1740 637 1795 Sanetus
659 1739 771 1800 hoctor,
785 1744 857 1791 certe
876 1735 940 1789 nihil

157 1818 233 1886 jurat
250 1814 442 1874 exsiccatione,
461 1811 502 1864 rel
522 1809 672 1864 exsectione
690 1807 824 1876 proprium
838 1804 941 1860 evirare

157 1901 267 1955 corpus.
281 1882 405 1939 (ἶοιιειιιιιι
422 1882 516 1934 Lector
529 1879 624 1933 baron.
638 1877 671 1931 ad
682 1891 743 1929 anu.
759 1875 821 1941 250,
833 1883 860 1928 et
872 1874 941 1927 llus-

158 1955 227 2008 tium
247 1954 292 2006 lib.
311 1953 337 2017 l,
357 1949 462 2028 Origeu.
475 1964 533 2016 cap.
549 1948 574 2009 l,
588 1961 660 2000 num.
682 1946 725 2009 ιδ,
740 1945 865 1997 aduersus
879 1943 940 1995 llal·

102 2087 106 2096 Δ
158 2024 230 2146 locria,
247 2021 293 2144 Hui
311 2020 429 2090 Origenrs
443 2017 539 2072 iactum
552 2015 728 2071 excusandum
742 2013 857 2081 suscepit
875 2012 892 2064 l.
913 2012 939 2076 d,

186 2109 234 2144 rr.

198 2107 236 2229 (ἦ)
254 2160 356 2215 Genera
377 2157 424 2210 init
444 2155 599 2226 AEgyptius,
624 2150 840 2218 Alexandriaeque
866 2158 942 2202 natus

160 2245 233 2282 antro
255 2228 317 2283 Chr.
342 2227 403 2293 185,
426 2242 457 2280 ac
477 2223 612 2280 Conrnrodi
629 2225 655 2288 O,
678 2221 812 2285 Eleutheri
825 2221 900 2288 Papae
914 2220 940 2282 O,

163 2297 266 2351 l‘riario
278 2297 404 2358 liateruo,
418 2304 445 2350 et
454 2294 487 2347 lt.
502 2293 583 2347 Attila
596 2292 696 2345 llradua
709 2289 784 2344 Coss.
796 2289 859 2355 Ejus
869 2296 943 2357 pater

162 2368 214 2420 luit
226 2366 353 2420 Leonides
365 2365 476 2434 hlartyr,
498 2363 542 2431 qui
556 2361 710 2430 supplicium
730 2359 788 2412 tulit
806 2357 898 2425 capitis
915 2373 941 2409 ιι.

118 2482 124 2488 .
161 2436 222 2490 liat.
236 2435 313 2498 llaii;
333 2449 413 2504 quum
424 2434 510 2487 tatus
523 2438 647 2500 praeesset
656 2428 779 2498 AEgypto,
792 2442 824 2482 ae
836 2429 889 2481 ritu
906 2425 945 2480 le·

162 2507 225 2560 rino
238 2505 263 2557 lu
274 2504 396 2558 Ecclesiae
408 2502 475 2556 idios
487 2502 600 2555 seviret.

211 2574 239 2644 P)
253 2569 523 2627 DoctissimusPraesul
532 2567 691 2621 lluetiuslib.
701 2565 728 2633 9,
734 2563 839 2636 Origen.
849 2579 906 2633 cap.
917 2564 943 2617 ι.

162 2659 195 2697 ιι.
224 2657 275 2707 ,er
285 2640 430 2710 Epiphanio
443 2640 470 2692 iu
482 2638 547 2692 haer.
563 2637 605 2691 et.
616 2651 674 2704 cap.
689 2636 715 2700 l,
727 2635 777 2688 hoc
790 2634 945 2703 praeclarum

161 2700 341 2780 eximiumque
352 2724 418 2778 opus
431 2710 464 2762 ab
472 2707 584 2776 Origene
599 2704 744 2776 praestitum
757 2709 946 2758 commemorat

163 2797 212 2836 aa.
226 2780 268 2845 ¹8,
283 2794 336 2834 suae
349 2778 451 2842 araas,
468 2791 556 2899 (unffi
573 2790 589 2828 a
610 2774 742 2827 Demetrio
763 2771 947 2894 Aleuarrfdrirsrcai

490 2861 503 2898 a
558 2858 721 2897 rurnenorum
738 2857 838 2896 curaer
866 2857 905 2894 ms

264 2091 297 2143 ei.

164 2848 292 2904 Ecclesia
305 2846 450 2916 Episcopo,

165 2916 323 2973 demandata
347 2934 353 2969 :
377 2917 402 2969 in
417 2929 469 2984 qrro
481 2914 548 2968 sieut
560 2926 661 2967 summa
679 2925 739 2964 eum
755 2911 831 2964 laude
849 2924 946 2963 nomeu

165 2986 271 3042 Domini
290 2984 424 3040 consessus
442 2991 501 3047 est,
527 2980 678 3036 ira-exinde
699 2994 831 3049 utinquam
856 2986 947 3047 gentes

166 3055 268 3118 bomini
273 3048 458 3136 pepercerunt.
467 3052 553 3119 Quum
562 3052 632 3105 enim
643 3049 823 3130 AEgyptiorum
834 3048 947 3101 Deorum

165 3125 295 3180 umbus
307 3138 365 3177 mos
381 3131 451 3176 esset
462 3121 556 3174 abraso
566 3119 663 3174 uertice
680 3135 706 3172 m
725 3116 852 3186 prophani
870 3115 948 3170 Sera·

165 3193 237 3264 pidis
246 3192 367 3263 gradibus
377 3191 499 3261 populum
509 3189 618 3258 alloqui,
629 3203 688 3242 eum
699 3187 843 3256 palmarum
856 3185 946 3246 ramis,

167 3272 198 3316 ut
206 3262 239 3317 ad
246 3276 321 3316 sacra
330 3260 447 3316 obeunda
457 3259 638 3322 ascenderent,
649 3273 701 3326 quo
708 3271 781 3310 more
788 3254 949 3325 grauissimae

167 3333 273 3386 illorum
291 3330 456 3385 caeremoniae
470 3327 689 3383 continebantur:
710 3326 753 3380 ille
766 3324 881 3393 acceptis
894 3322 949 3392 pal·

169 3416 272 3455 trimum
285 3400 395 3454 surculis
411 3405 499 3452 erecto
518 3395 632 3467 fortique
649 3396 737 3450 animo
755 3395 807 3448 alta
826 3408 890 3447 uoce
911 3392 949 3446 sic

168 3469 343 3538 compellabat
354 3467 505 3522 adstantes:
524 3466 629 3528 Adeste,
643 3465 747 3533 accipite
760 3480 875 3525 saaraim,
899 3478 949 3514 aon

170 3538 269 3607 Templi
293 3537 366 3591 idolis
387 3536 541 3599 consecrati,
567 3534 610 3588 sed
631 3533 732 3588 Christi.
758 3532 832 3587 Unde
855 3530 950 3584 animis

169 3608 341 3662 Ethnieomm
351 3607 377 3660 iu
391 3621 419 3660 sc
431 3606 567 3660 concitatis
578 3604 684 3673 lugere,
704 3602 821 3663 latitare,
839 3616 870 3654 ae
882 3601 949 3653 late·

168 3678 232 3732 bras
249 3684 410 3730 commutare
427 3683 533 3729 coaetus
551 3680 600 3727 est.
623 3671 781 3726 deciderunt
792 3680 879 3723 autem
894 3669 950 3722 haue

169 3746 220 3799 suh
233 3744 324 3813 Aquila
337 3743 500 3798 Alexandriae
508 3741 645 3796 l'roelecto.

207 3813 245 3884 (a)
264 3816 374 3867 Amaras
383 3812 491 3868 cmditae
498 3810 658 3880 antiquitatis
667 3823 761 3864 censor
769 3807 883 3863 mannes
892 3807 951 3862 Cle-

170 3884 243 3938 ricus
263 3883 289 3935 in
310 3890 403 3952 qrrmst.
426 3881 453 3935 Ξ.
480 3881 576 3935 llierou
596 3880 681 3933 miana
697 3878 809 3933 suadere
829 3886 948 3938 conattrr.

170 3953 310 4022 origenem
328 3953 362 4005 im
397 3950 551 4005 ritissimum
578 3897 712 4012 hebraicae
737 3948 832 4017 liuguae
853 3945 949 4006 luisse,

990 1368 1033 1423 cui
1054 1381 1089 1422 ne
1113 1367 1252 1436 quiequam
1276 1364 1310 1419 ad
1328 1364 1447 1420 seleutias
1466 1363 1640 1418 instrumenta
1661 1363 1774 1428 deesset,

991 1459 1070 1514 etiam
1083 1456 1218 1528 plenitudo
1230 1453 1406 1510 exabundavit
1418 1454 1504 1508 aetatis
1523 1453 1571 1524 (ι).
1593 1452 1647 1509 Sed
1667 1452 1777 1508 forsitan

991 1547 1127 1617 discipulis
1139 1559 1233 1616 parum
1245 1542 1328 1598 lelirl
1345 1542 1409 1610 Quis
1418 1540 1534 1612 unquam
1543 1540 1660 1598 leliciorl
1674 1542 1777 1611 Nenrpe

992 1636 1123 1690 innumeri
1137 1649 1169 1688 ex
1182 1634 1242 1688 siau
1255 1646 1304 1687 suo
1315 1630 1453 1696 doctores,
1467 1631 1588 1685 innnmer
1609 1634 1775 1696 sacerdotes,
1875 1683 1886 1706 ·

991 1725 1157 1781 confessores
1176 1729 1202 1779 ct
1221 1731 1352 1794 martyres
1365 1722 1519 1776 extiterunt.
1532 1721 1591 1776 lam
1602 1736 1666 1778 uero
1679 1727 1776 1791 urranta

992 1815 1061 1886 apud
1075 1829 1167 1869 omnes
1187 1814 1256 1867 illius
1268 1811 1425 1876 admiratio,
1446 1818 1545 1880 quauta
1563 1810 1662 1880 gloria,
1680 1815 1777 1879 quanta

992 1906 1074 1977 gratia
1089 1905 1176 1970 luerit,
1192 1904 1251 1975 quis
1262 1904 1371 1972 exsequi
1389 1902 1491 1956 ualeat?
1514 1901 1579 1968 Quia
1598 1917 1651 1955 nun
1670 1901 1702 1955 ad
1716 1915 1777 1954 eum

993 1997 1071 2066 paulo
1083 1996 1265 2065 religiosiores
1277 1991 1377 2048 ultimis
1391 1992 1480 2047 mundi
1497 1992 1617 2062 partibus
1632 1990 1778 2045 aduolauiti

993 2087 1057 2154 Quis
1069 2085 1279 2142 Cirristiauurum
1290 2099 1343 2138 non
1356 2098 1423 2153 peno
1431 2091 1460 2137 ut
1472 2082 1636 2152 prophetam,
1650 2082 1709 2151 qrris
1719 2081 1777 2150 phi-

994 2174 1164 2245 losophorum
1182 2189 1234 2228 non
1245 2181 1274 2226 ut
1285 2172 1440 2242 magistrum
1457 2180 1596 2226 ueneratus
1617 2171 1676 2225 est?
1695 2173 1778 2237 Quam

994 2274 1082 2320 autem
1100 2280 1151 2320 non
1168 2265 1254 2320 solum
1268 2263 1376 2333 privatae
1389 2261 1543 2326 conditioni,
1558 2261 1604 2316 scd
1615 2262 1663 2331 ipsi
1674 2276 1778 2330 quiaque

996 2353 1075 2409 luerit
1097 2352 1256 2408 reuerendus
1276 2352 1386 2422 imperio
1407 2352 1541 2406 declarant
1561 2350 1696 2414 historiae,
1721 2367 1780 2421 quin

994 2458 1055 2498 euru
1068 2450 1180 2497 amatre
1194 2441 1232 2512 (S)
1240 2440 1380 2495 Alexandri
1391 2438 1675 2509 imperaturisaccitum
1683 2439 1779 2503 lerunt,

995 2534 1111 2589 emlestis
1124 2513 1213 2602 utique
1224 2532 1360 2601 sapientiae
1370 2531 1474 2596 merita,
1487 2530 1563 2599 cujus
1574 2538 1601 2584 et
1612 2530 1653 2584 ille
1664 2530 1746 2597 gratia
1754 2536 1780 2584 et

996 2639 1086 2678 amore
1099 2624 1143 2677 illa
1155 2622 1290 2693 llagrabat.
1313 2621 1366 2677 Sed
1384 2631 1411 2677 ct
1433 2621 1550 2690 ejusdcm
1571 2621 1695 2690 Epistulae
1707 2622 1781 2674 testi·

996 2712 1115 2767 monium
1143 2711 1284 2781 perhibent
1312 2725 1379 2780 quas
1406 2711 1439 2765 ad
1465 2710 1612 2778 Philippum
1638 2709 1780 2778 impermu-

996 2819 1054 2859 rem
1067 2801 1116 2876 (ὅ),
1126 2802 1171 2872 qui
1184 2802 1285 2871 primus
1297 2802 1477 2856 homanorum
1490 2801 1640 2869 Principum
1652 2799 1781 2855 (Ilaristia-

1001 2939 1011 2971 ι
1024 2934 1144 2984 eernere,
1156 2928 1185 2973 ut
1195 2927 1316 2974 accurate
1326 2919 1506 2988 perspeximus
1516 2917 1548 2971 ab
1557 2917 1674 2972 llehrreis
1683 2916 1780 2983 edocti,

1001 3005 1085 3044 terrm
1111 2989 1234 3070 ipsorum
1252 2988 1445 3057 exemplaribus
1467 2994 1556 3068 nostra
1576 2994 1778 3068 coaeparantes,

1002 3077 1012 3178 ἰ
1026 3056 1460 3198 ιιιιιῗιιῗιιιιιιιιιιιῗ
1479 3056 1780 3195 ddlllhhllh

1002 3204 1102 3250 cratae.
1118 3213 1128 3246 r
1152 3194 1277 3249 musula
1295 3196 1377 3248 lector
1398 3191 1546 3249 Fabricium
1567 3205 1630 3249 tom.
1647 3194 1674 3249 5.
1695 3194 1741 3249 lih.
1755 3194 1782 3249 ir.

999 3279 1058 3334 cap.
1071 3265 1097 3317 ι.
1108 3279 1135 3333 p.
1148 3264 1232 3327 ἤδη
1254 3271 1282 3317 et
1298 3264 1360 3318 Sil.
1379 3264 1572 3318 Tillemontium
1586 3264 1612 3318 in
1624 3264 1695 3318 ιιοιι.
1710 3264 1772 3318 Eeel

999 3333 1034 3387 de
1049 3332 1162 3402 Origene
1182 3332 1373 3397 disserentem,
1397 3341 1425 3386 ct
1436 3332 1467 3386 b.
1482 3333 1644 3388 bernardum
1658 3347 1672 3386 a
1685 3333 1778 3389 Monte

1000 3402 1109 3457 [aleonis
1121 3403 1148 3455 in
1161 3400 1266 3456 Prasat.
1281 3401 1315 3456 ad
1327 3401 1443 3471 Hexapla
1452 3401 1557 3471 Origeu.

1037 3470 1076 3542 (l)
1095 3471 1167 3525 lixit
1178 3485 1260 3525 annos
1282 3471 1327 3538 69,
1346 3485 1428 3540 quum
1449 3470 1538 3525 labore
1556 3470 1703 3527 coniectum
1722 3472 1743 3524 T
1745 3472 1783 3542 ιιι

1002 3555 1134 3595 suaamum
1147 3550 1232 3594 rtrum
1245 3553 1317 3594 mors
1335 3538 1498 3607 consumpsit
1517 3552 1579 3592 ιιιιιι.
1600 3547 1659 3608 post
1674 3539 1723 3592 Ch.
1738 3555 1781 3594 or·

1001 3617 1057 3662 ιιιιιι
1068 3609 1131 3674 aba,
1154 3623 1207 3678 quo
1228 3621 1297 3661 anno
1319 3606 1473 3660 interamnae
1486 3607 1575 3662 Gallus
1588 3617 1615 3661 ct
1630 3607 1783 3662 l'ulusianus

1001 3678 1132 3731 interlecti
1153 3684 1222 3731 suut.
1244 3675 1343 3746 Eadem
1362 3676 1390 3730 in
1413 3675 1478 3729 urbe
1494 3677 1610 3744 sepultus
1631 3687 1689 3736 est,
1710 3678 1784 3745 euim

1001 3747 1116 3815 sepulcri
1124 3745 1234 3814 uestigia
1244 3743 1321 3798 hodie
1334 3758 1490 3814 superesse,
1509 3745 1555 3813 qui
1564 3746 1621 3800 loca
1635 3745 1679 3799 illa
1690 3745 1784 3799 lustra-

1001 3822 1073 3939 ξὲιὲιι,
1081 3814 1150 3937 ιμιιιιι
1160 3813 1282 3868 lluetium
1291 3812 1336 3867 lib.
1346 3813 1372 3866 l.
1383 3811 1488 3883 Origen.
1499 3827 1557 3882 cap.
1568 3815 1595 3879 l,
1607 3829 1679 3868 nuru.
1695 3813 1745 3870 iet
1757 3815 1783 3875 il,

1042 3899 1106 3938 erun
1121 3922 1128 3936 .

1037 3953 1075 4022 (Ξ)
1094 3952 1228 4006 llammaea
1240 3954 1351 4020 nempe,
1369 3966 1428 4020 mre
1445 3966 1525 4020 qurum
1538 3950 1683 4006 Andoohiar
1696 3967 1781 4006 mora-

171 4019 359 4076 reluctautibus
391 4019 544 4080 hiemando,
558 4017 766 4080 llorrtesaleouio,
781 4025 808 4070 et
820 4015 949 4069 Fabricio.
1001 4030 1085 4084 maier,
1098 4021 1239 4090 origenem
1252 4021 1400 4076 accersivit,
1413 4020 1480 4080 Post
1490 4021 1580 4076 Severi
1590 4035 1653 4075 vem
1662 4030 1783 4077 murram.

171 4090 230 4145 ιῖοιι
242 4098 317 4142 vacat
326 4090 369 4144 hle
382 4103 431 4142 uec
445 4088 518 4168 iubet
527 4086 620 4142 Clerici
629 4086 777 4167 expepdere
787 4092 949 4164 absumendi.
1002 4092 1053 4146 suh
1064 4090 1211 4160 Zepheriuo
1224 4089 1334 4144 liomam
1347 4090 1435 4155 veuit,
1459 4105 1511 4144 non
1531 4091 1693 4147 assectandar
1705 4091 1788 4145 llam·

171 4173 252 4229 quum
263 4165 383 4213 notatum
395 4156 794 4238 angustreidnonpermtllantJ
809 4154 877 4208 unde
888 4163 951 4207 §³¹¹³
1002 4175 1077 4214 mma
1090 4160 1194 4225 studio,
1217 4158 1287 4229 quod
1306 4161 1408 4214 censuit
1420 4159 1566 4226 bananias,
1589 4160 1636 4214 sed
1654 4159 1785 4216 desiderio

171 4230 208 4284 sit
221 4228 378 4308 observare,
400 4226 436 4280 tta
447 4225 601 4295 abOrrgene
612 4223 835 4304 consulmslmsse
846 4222 951 4278 ludaeos
1002 4229 1108 4299 penitus
1128 4228 1318 4299 cognoscendae
1336 4229 1461 4283 Romanae
1475 4229 1598 4285 Ecclesia
1610 4230 1727 4283 omnium
1740 4245 1786 4283 au·

172 4299 201 4352 ιιι
220 4295 408 4351 difficilioribus
427 4295 515 4361 locis,
540 4294 610 4359 uuod
635 4293 731 4348 nedum
757 4292 950 4414 llreronJmus,
1003 4299 1174 4369 equissimus,
1194 4306 1262 4354 emm
1275 4298 1371 4352 Enseu,
1386 4298 1431 4351 lib.
1446 4297 1471 4351 O.
1491 4298 1563 4352 Ecct.
1584 4299 1651 4352 ilisa.
1667 4312 1725 4367 cap.
1741 4299 1783 4354 ιο,

172 4381 265 4447 rerum
282 4365 359 4419 etiam
371 4365 433 4445 ‚ipse
443 4371 561 4445 testatur,
576 4371 605 4444 ut
623 4361 761 4443 aliquando
773 4377 832 4416 carra
848 4361 896 4415 'lis
909 4377 953 4442 pu
1039 4369 1078 4436 (ὅ)
1087 4367 1218 4423 Eusebius
1225 4365 1400 4422 Cacsareensis
1411 4365 1436 4419 iu
1445 4365 1574 4421 Chronico
1583 4366 1617 4419 ab
1626 4366 1785 4433 llierouymo

173 4430 952 4502 bheedecertarit,aesapientissimumillorumhlexandrrm
1003 4446 1081 4492 auem
1102 4436 1136 4491 ad
1156 4451 1218 4490 ann,
1244 4434 1306 4491 chr,
1332 4435 1394 4501 247,
1420 4435 1476 4487 tuuc
1500 4433 1600 4489 trahet:
1625 4434 1784 4489 «ιιοῃιῃῃο.

156 4505 207 4558 'er
220 4503 450 4585 Scripturajmta
464 4501 614 4557 hebraicam
634 4502 772 4555 ueritatem
790 4501 950 4582 convicerit;
1008 4521 1089 4559 rrmn
1110 4521 1185 4570 aaut,
1208 4504 1343 4574 Philippus
1365 4504 1484 4573 regnarit
1504 4504 1579 4558 arrrris
1599 4504 1624 4556 7.
1651 4504 1785 4573 Philippus

173 4572 246 4642 quod
262 4570 342 4627 resert
360 4587 413 4641 ipse
435 4571 479 4626 ab.
495 4572 521 4637 l,
534 4580 605 4626 cont.
622 4569 746 4625 Celsum:
764 4594 773 4621 ι
788 4570 951 4633 llrsrerbis,
1008 4575 1180 4644 ‹Philippuru
1200 4574 1282 4628 hlium
1301 4588 1376 4629 suum
1396 4581 1545 4627 consortum
1558 4573 1632 4644 regni
1651 4573 1711 4628 lacit
1741 4576 1785 4628 ›ri-

144 4667 148 4672 ·
162 4647 165 4654 ·
179 4662 188 4694 ι
202 4642 295 4722 inquit,
309 4642 414 4696 memini
429 4655 470 4694 me
484 4655 575 4710 urgere
585 4640 754 4694 uehementer
766 4639 894 4705 iudaeum,
909 4639 953 4708 uui
1008 4663 1018 4695 ι
1030 4659 1142 4713 unusque
1160 4644 1277 4698 omnium
1297 4659 1330 4698 er
1352 4641 1476 4696 Ronlanis
1496 4642 1699 4712 imperatoribus
1711 4590 1787 4698 chri-

157 4700 188 4786 ζι
202 4725 306 4779 sapiens
313 4709 462 4790 ‘habebatur
473 4709 543 4790 apud
554 4723 632 4791 suos,
650 4723 781 4778 uirumque
794 4724 845 4762 nou
865 4716 954 4777 posset
1008 4732 1018 4765 ι
1032 4715 1133 4768 stiauus
1145 4712 1203 4767 luit.
1218 4731 1227 4764 r
1250 4712 1284 4766 Et
1293 4711 1327 4766 ad
1337 4725 1380 4764 arr.
1394 4711 1457 4776 Sil,
1472 4711 1508 4765 ait
1520 4726 1535 4764 a
1547 4712 1627 4765 becio
1637 4711 1717 4766 luisse
1727 4711 1786 4768 illos

149 4791 188 4845 {⁴⁸
202 4794 231 4832 ὅθ
252 4779 399 4848 nehem,
422 4793 465 4833 10³
501 4778 557 4832 ¹¹⁴1ss
576 4788 644 4832 ⁵¹0¹st
664 4778 773 4832 decebat
794 4778 950 4833 intimum-t
1005 4782 1203 4837 interlectosob
1220 4781 1309 4835 odiam
1328 4781 1354 4834 iu
1369 4779 1543 4835 Christianam
1555 4779 1718 4850 religionem.
1734 4781 1786 4835 Eu-

176 4847 275 4926 heiude
295 4862 349 4901 uon
369 4863 430 4928 raro
491 4849 579 4928 genes
601 4847 657 4922 ipse
679 4855 789 4901 testatm
810 4847 954 4901 llchraieas
1006 4851 1080 4906 sebio
1097 4850 1212 4905 conciuit
1229 4849 1337 4905 Orosius
1355 4849 1400 4904 lib.
1426 4849 1442 4902 7
1463 4850 1529 4904 llist.
1551 4863 1610 4918 cap.
1629 4850 1674 4913 ιθ,
1691 4850 1785 4919 alliquo

174 4916 287 4996 Codices
299 4930 314 4969 a
324 4931 352 4970 se
365 4917 502 4998 diiigenter
514 4914 595 4970 sursse
607 4930 648 4969 urs
682 4924 753 4980 etos,
765 4924 792 4969 ut
806 4915 954 4969 mederetur
1006 4936 1117 4989 quonum
1130 4920 1277 4973 testimonia
1291 4918 1424 4987 praeterire
1436 4918 1509 4972 lihet.
1529 4916 1557 4970 ιιι
1573 4918 1638 4972 actis
1656 4917 1685 4972 S.
1702 4917 1785 4972 Pontii

176 4984 448 5066 edattombusdrpurlae,
456 4985 616 5055 Symmachi,
630 4984 650 5038 'l
670 4984 825 5049 eodotiouis,
834 5000 865 5039 ac
875 4985 908 5037 ill
919 4986 955 5038 in
1005 4988 1126 5057 llartyris
1137 5002 1153 5041 a
1165 4988 1270 5042 lialuzio
1281 5002 1312 5041 ex
1326 4986 1434 5041 uetustis
1446 4985 1579 5041 codicibus
1589 4984 1784 5044 editis-fertura

176 5061 332 5122 terpretum,
344 5054 387 5109 ubt
396 5054 632 5123 erantdepraraae.
645 5053 710 5107 llinc
719 5054 763 5108 ι.8
775 5053 952 5108 Commentar.
1006 5056 1035 5111 S.
1047 5056 1097 5111 hoc
1106 5056 1162 5110 uiro
1172 5055 1253 5110 luisse
1265 5054 1299 5109 ad
1312 5055 1389 5109 lidem
1398 5069 1548 5109 conversos.
1561 5055 1596 5108 lit
1606 5054 1700 5126 Pagius
1709 5053 1751 5107 lou
1771 5070 1784 5106 a

176 5124 203 5177 in
219 5123 346 5202 loannem
360 5137 418 5191 pag.
434 5123 494 5203 ¹³⁰.
516 5122 584 5203 Odit.
599 5123 685 5203 lluetii
697 5130 716 5175 ι.
730 5123 759 5187 P,
772 5122 904 5176 disserens
921 5121 954 5176 de
1006 5125 1188 5180 dissertatione
1207 5124 1301 5205 probat
1324 5123 1440 5178 hbulosa
1463 5137 1523 5177 esse
1542 5123 1647 5189 munia,
1669 5137 1729 5192 quae
1749 5067 1785 5177 da

175 5206 294 5271 porciae
309 5198 570 5260 rupeprascrprtatrs,
592 5206 623 5246 ac
636 5208 661 5244 m
675 5206 747 5246 mare
759 5206 807 5260 per
817 5191 969 5246 Oaeutuues·
1006 5193 1133 5262 Philippis
1151 5191 1327 5247 Christianam
1346 5191 1500 5261 religionem
1516 5191 1643 5261 amplexis
1655 5190 1789 5256 feruutur,

176 5261 320 5325 suffocatus,
332 5260 455 5314 observat
475 5275 528 5313 thll
547 5269 617 5314 recte
636 5260 684 5329 legi
699 5260 725 5313 in
741 5260 800 5314 loco
808 5259 955 5315 Geraseno-
1007 5262 1084 5316 uiuus
1096 5261 1252 5316 testiruoniis
1262 5260 1411 5323 Ambrosii,
1432 5259 1556 5327 Sulpicii,
1571 5260 1733 5328 aliorumque
1745 5259 1785 5313 di·

178 5343 247 5390 mm.
259 5328 520 5392 relliadareuomm3
535 5329 595 5398 cpria
611 5348 619 5378 ι
633 5329 757 5398 Gergesa,
769 5329 954 5398 munitaque
1006 5331 1122 5384 centium
1143 5329 1343 5385 Constantinum
1363 5327 1444 5383 luisse
1464 5329 1577 5387 priunum
1599 5327 1784 5398 Imperatorem

179 5416 190 5450 ι
203 5397 338 5478 Gergesei,
349 5397 411 5451 urlrs
420 5407 460 5451 est
470 5398 574 5466 antiqua
583 5398 656 5466 juxta
666 5407 796 5468 stagnum,
807 5397 877 5466 quod
886 5412 955 5451 uuae
1007 5398 1201 5455 Christianum:
1223 5412 1255 5451 ae
1268 5413 1301 5452 cx
1314 5398 1446 5463 numnam,
1464 5390 1598 5465 munibus
1607 5405 1678 5451 certa
1688 5396 1785 5464 Philip

179 5466 350 5547 «Tiberiadis
361 5480 501 5529 vocamus,
516 5466 586 5546 iuxta
598 5481 675 5535 urtam
689 5482 767 5535 mpes
782 5475 824 5521 est
835 5475 955 5548 stagnum
1007 5483 1100 5537 ponam
1125 5467 1277 5536 geralditatis
1296 5465 1370 5535 sigua
1391 5464 1637 5535 deprehenduntur,
1663 5465 1785 5520 Petarius

179 5553 190 5587 r
203 5534 327 5602 adraeern
338 5575 357 5657 ,d
369 5550 384 5656 ιιι
402 5550 453 5602 utra
461 5534 619 5655 sostenditur
632 5549 725 5615 porcos
742 5535 954 5616 absumendam
1008 5547 1072 5590 tom.
1083 5536 1100 5589 P
1112 5535 1146 5590 de
1154 5535 1228 5590 [loct.
1242 5543 1323 5603 temp.
1335 5533 1381 5588 lib.
1394 5534 1437 5600 ll,
1448 5548 1506 5603 cap.
1517 5534 1562 5615 at,
1573 5542 1638 5614 post⁸
1646 5532 1785 5613 haroldum

180 5603 956 5741 :taxanderaumpluhllPullulat
1007 5600 1786 5742 thl¹tlrttltltthedl‘aassllallhtt
