4009 6184
237 256 325 326 llil'
742 248 961 311 abortiaris
993 244 1160 306 Edendtttt
1180 242 1365 300 temnit.
1787 249 1838 304 llis

234 377 385 438 sistendam
401 387 461 429 esre
475 372 670 428 demonstrant.
685 366 803 437 balmae
816 363 958 419 cubitorem
971 369 1029 417 arat
1042 361 1069 425 Α
1080 360 1114 415 ad
1127 356 1280 416 laciendum
1292 370 1387 415 ennam
1399 372 1460 430 otta
1474 358 1604 418 bantinus
1615 363 1748 444 pracepit,
1764 367 1792 421 ιι
1806 385 1838 434 p,

233 455 276 507 ala
294 447 394 506 Citertri
417 459 487 503 una,
502 441 649 511 signisque
662 431 973 491 mnrsranntacmrm
987 432 1029 486 ai·
1081 430 1200 487 llettdum
1223 442 1319 486 cuncta
1342 443 1402 501 qna
1426 431 1573 498 permittit,
1595 429 1713 489 dieentes
1729 439 1842 492 exanima

230 528 304 587 term·
320 518 381 587 noia
398 515 426 570 in
442 511 515 566 omni
530 509 675 564 tabentium
686 522 776 562 rernm
787 510 928 564 uarietate,
941 502 1028 557 sancti
1081 513 1130 570 per
1141 501 1245 572 singula
1259 515 1320 571 qnae
1332 510 1496 572 cadurcum:
1516 500 1668 557 benedicam
1686 501 1842 564 bomnrmir

234 595 374 647 universos
386 584 508 651 corporis
520 585 561 637 soi
577 595 672 636 sensns
685 578 711 633 in
727 576 884 641 obsequium
897 574 938 628 rui
954 572 1028 655 Gon·
1083 571 1840 647 amntcrumenarumpmearammrormusmo,

234 660 329 716 ditaris
342 656 489 712 eaterrdunt
502 669 508 705 :
523 652 616 706 oculos
629 650 759 703 babentes
772 660 879 715 semper
889 645 922 698 ad
936 642 1029 697 Doma-
1086 653 1369 711 paratnmcarmenm,
1380 647 1491 702 cantabo
1500 657 1524 701 ct
1532 648 1841 715 psalmamdicamllaminr

235 747 310 795 nam,
329 726 422 781 audire
434 714 620 779 desiderantes
634 733 726 772 rocem
741 717 827 772 laudis
840 716 909 784 ejus,
924 724 951 768 et
965 728 1029 767 nar·
1080 715 1140 837 ffir.
1154 725 1230 781 aaut.
1245 719 1409 781 sculpuntur
1425 720 1513 778 torno,
1526 726 1587 766 cnm
1602 719 1629 766 in
1644 721 1740 770 tantum
1757 722 1844 774 tirtan·

235 816 296 856 rare
310 799 433 854 universa
458 792 589 849 mirabilia
612 793 689 860 ejus,
713 787 803 842 dulcia
828 786 948 840 lancibus
972 797 1028 838 suta
1119 797 1255 850 soperam
1270 781 1436 852 impendunt,
1452 789 1482 835 at
1498 781 1534 836 ab
1552 781 1646 837 aarum,
1667 786 1765 840 rumpe
1780 789 1844 844 nup„

235 871 366 925 babentes
381 866 485 934 elocuta
501 863 582 926 illius,
597 874 679 928 snper
693 860 746 913 mel
761 866 789 912 et
803 857 890 911 larum
906 855 947 909 ori
961 869 1028 914 soo,
1082 852 1314 907 circumstantium
1324 866 1413 908 rerum
1424 852 1670 919 contrarietatibus,
1681 856 1845 925 nullispasslm

235 946 374 996 correntes
390 938 417 989 in
432 935 516 990 odore
531 940 725 1001 ungnentorum
740 927 814 997 eina;
830 934 857 981 ct
876 925 964 980 dotrec
984 939 1031 979 sa·
1083 921 1274 978 blandimentis
1295 923 1399 978 anecd:
1424 924 1488 991 quia
1509 925 1580 977 enim
1606 930 1739 980 tornatura
1760 931 1846 985 catam

235 1022 328 1080 perest
338 1008 436 1062 halitus
446 1006 472 1059 in
482 1004 532 1068 eis,
545 1013 569 1058 et
582 1000 693 1071 spiritus
706 1000 752 1054 llei
764 1000 789 1052 in
802 996 913 1051 naribus
923 1009 1028 1058 eortrm,
1082 992 1186 1047 artibus
1198 993 1342 1049 velocitate
1356 993 1496 1062 praecellit,
1507 1003 1535 1050 et
1549 992 1607 1062 ipsa
1619 993 1670 1049 sibl
1683 996 1845 1069 regulamque

236 1095 289 1136 tion
305 1081 446 1148 loquentes
460 1074 538 1130 labiis
555 1073 742 1140 iniquitatem,
759 1082 808 1122 nec
823 1067 848 1121 in
870 1067 957 1148 lingna
970 1079 1029 1146 ‚sua
1083 1062 1143 1119 sine
1154 1077 1248 1117 errore
1261 1078 1329 1146 opas
1344 1063 1475 1130 sterliciat,
1489 1071 1589 1128 seram,
1604 1073 1668 1134 apte
1682 1079 1727 1135 per
1742 1067 1846 1139 irrepta

236 1150 377 1205 stultitiam
401 1153 596 1216 personantes:
614 1143 706 1209 sieque
728 1153 775 1206 per
795 1150 869 1192 arma
891 1143 1030 1204 pnstrttaea
1083 1141 1237 1188 mactatum
1250 1144 1303 1189 rata
1318 1134 1453 1202 signator,
1469 1134 1532 1199 utria
1550 1145 1578 1188 et
1598 1144 1690 1203 pirata
1710 1145 1749 1191 est
1762 1152 1847 1206 sempr
1864 1176 1866 1181 .

236 1222 351 1284 dextris,
366 1228 420 1271 eta
436 1215 552 1269 sinistris
572 1213 745 1271 incedentes,
770 1207 805 1261 ad
829 1205 1029 1276 perceptionem
1083 1202 1119 1257 ab
1128 1203 1286 1274 obsequium
1297 1204 1394 1258 divinas
1405 1204 1558 1265 voluntatis.
1572 1213 1600 1259 et
1613 1204 1664 1261 boc
1676 1207 1767 1276 absque
1779 1210 1848 1263 direr-

235 1292 356 1347 coeiestia
369 1286 483 1349 denarii,
497 1300 578 1353 quem
594 1292 714 1337 summos
731 1274 921 1349 paterfamilias
941 1277 1030 1328 calto-
1082 1272 1163 1327 tionis
1176 1273 1285 1329 errandi
1298 1274 1435 1341 complere
1445 1274 1489 1328 lon
1508 1278 1662 1329 orirtntnm
1674 1292 1719 1329 nan
1728 1282 1846 1337 eternum

236 1362 314 1416 ribus
326 1373 383 1412 snae
405 1357 491 1410 sinere
516 1351 687 1421 repromisit,
710 1350 881 1418 perveniunt.
907 1344 941 1398 iit
962 1358 1030 1410 opus
1082 1342 1184 1399 didicit.
1199 1343 1414 1400 Undeetsanma
1437 1343 1490 1399 an
1500 1344 1555 1399 ιιι.
1574 1347 1601 1398 1„
1621 1346 1734 1401 (mig,
1750 1353 1846 1405 „m

239 1446 321 1486 nnum
333 1436 391 1482 erat
403 1428 431 1479 iu
443 1421 701 1484 dunbnsllbernbin,
714 1418 775 1488 quia
791 1414 1027 1484 ntrinsquolesta·
1081 1427 1162 1481 rom,
1180 1412 1279 1484 Sponsi
1291 1429 1323 1468 ac
1336 1413 1523 1481 Redemptoris
1542 1414 1585 1469 stti
1604 1417 1714 1471 rtrtntrs
1729 1418 1846 1490 admirata,

237 1501 321 1557 atomi
342 1498 488 1563 scriptores
510 1508 562 1546 nna
580 1494 728 1558 eademque
748 1489 873 1543 castitate
894 1488 984 1554 operis
1002 1490 1031 1540 el
1081 1484 1198 1549 dicebat,
1219 1483 1314 1538 Manna
1330 1488 1385 1552 ejas
1405 1486 1553 1549 tornatiles,
1571 1501 1658 1540 aurea
1674 1487 1751 1558 plenu
1766 1490 1849 1560 iguis·

237 1570 378 1625 marionis
394 1564 536 1620 ‹lerutiune
552 1563 608 1617 [leo
627 1561 793 1624 servierunt,
808 1572 858 1611 nna
871 1565 899 1610 et
910 1568 1029 1610 consona
1081 1553 1280 1628 namtarum.
1293 1555 1551 1626 Tornatiiesquippe
1560 1568 1624 1610 aaut
1636 1572 1726 1612 ιυιυιυι
1733 1558 1848 1629 eiam

237 1656 304 1694 soce
314 1652 346 1692 aa
358 1636 408 1691 aar
420 1636 502 1689 ileum
514 1630 746 1704 predicantrqnia
758 1643 818 1698 quat
827 1641 925 1681 norom
934 1624 1030 1680 Testa·
1046 1666 1069 1726 B
1082 1632 1219 1692 apparens
1235 1625 1262 1680 in
1281 1640 1363 1681 carne
1379 1624 1508 1680 sanitates
1522 1635 1552 1680 et
1565 1627 1692 1682 miracula
1705 1640 1848 1701 namumppp

237 1722 358 1766 mentum
373 1707 407 1762 dc
422 1705 559 1760 [lominica
575 1703 768 1765 incarnatione,
782 1699 923 1768 passione,
939 1711 1031 1750 resur·
1082 1695 1174 1760 valuit,
1189 1694 1291 1765 absque
1304 1695 1376 1750 omni
1391 1710 1530 1751 morarum
1543 1698 1788 1768 metuamusque
1803 1704 1849 1758 ollis

238 1782 368 1837 rectione.
382 1774 550 1831 ascensione.
582 1773 687 1827 entinrn‘
700 1777 859 1833 vocatione,
875 1765 1029 1822 ludaeorum
1081 1779 1205 1820 errorum
1221 1766 1389 1835 arrrbagibas,
1400 1766 1449 1821 Dei
1458 1764 1542 1821 rtnns
1561 1775 1590 1823 et
1608 1768 1736 1836 ιιριιιιιιι
1752 1770 1848 1836 peram-g

237 1850 414 1920 expulsione,
436 1787 592 1900 matutinalia
618 1840 748 1896 Ecclesiae
769 1837 942 1893 tribulatione
962 1836 1032 1891 lacta
1082 1834 1848 1907 duteaesnnt,quiaeaqutelorisverbojnssit,intttadiriaa

238 1929 358 1982 narrant,
372 1924 430 1971 trac
441 1917 535 1970 eadem
549 1925 625 1968 vetas
638 1910 851 1975 Testamentum,
866 1908 889 1961 si
903 1915 976 1961 recte
988 1907 1032 1961 in·
1083 1907 1179 1978 plenas
1190 1907 1309 1975 potentia
1318 1905 1403 1963 dedit.
1423 1906 1514 1963 Plenas
1525 1916 1590 1962 sant
1602 1909 1850 1981 hyacinthinarum

240 1990 389 2056 telligitut,
414 1988 546 2040 ueraciter
569 1983 656 2038 llenda
679 1980 852 2051 praeambit.
880 1976 1032 2031 Adventum
1082 1977 1196 2046 gloriam
1222 1975 1308 2031 Patria
1328 1977 1455 2033 universa
1477 1992 1537 2047 attae
1559 1976 1625 2034 iecit
1648 1979 1753 2044 retulit:
1775 1991 1799 2037 er
1817 1998 1850 2053 per

239 2078 304 2117 rem
329 2055 507 2120 bntirbristi,
533 2052 613 2108 brem
635 2050 745 2115 secnli,
759 2049 873 2105 extremi
886 2047 1033 2102 discrimen
1083 2061 1166 2116 opera
1179 2061 1239 2117 ottae
1253 2048 1316 2103 lecit
1333 2058 1441 2103 nosnos
1451 2046 1487 2104 ad
1498 2050 1645 2119 querenda
1655 2049 1767 2117 caelestia
1778 2066 1850 2109 marn

238 2130 354 2203 jardicii,
375 2138 402 2183 ct
421 2134 549 2182 uternam
573 2124 704 2177 bonorum
727 2121 855 2191 gloriam,
871 2130 1034 2187 panemque
1086 2117 1176 2183 erigit.

217 2242 222 2247 -
241 2192 426 2271 reprobnrnm',
441 2193 567 2249 criticordi
583 2204 726 2260 utrumque
739 2190 941 2245 Testamentum
960 2188 1034 2242 verl-
1111 2186 1194 2242 liti.
1211 2185 1250 2241 Dr
1265 2189 1403 2258 scalptura
1424 2188 1562 2260 parietum
1582 2185 1651 2257 cap,
1672 2205 1758 2245 ttt..-
1774 2190 1851 2249 om

241 2283 295 2326 tate
309 2271 413 2339 probat.
429 2267 485 2321 alre
499 2279 564 2333 ergo
578 2261 714 2318 Cberubln
728 2260 871 2315 interimas
887 2274 970 2326 super
989 2272 1035 2313 ar·
1087 2270 1152 2326 ergo
1177 2260 1293 2326 parietes
1316 2260 1408 2328 templi
1432 2273 1481 2329 per
1503 2274 1599 2330 gyrum
1613 2262 1695 2314 uariis
1706 2263 1822 2317 centnm
1832 2275 1851 2320 ιι

243 2356 304 2397 cant
318 2354 348 2394 se
369 2340 483 2392 invicem
504 2334 716 2404 cuttlittgebattl,
732 2331 794 2401 quia
816 2327 1037 2397 utrauue‘l‘esta·
1086 2329 1173 2382 tacitis
1188 2328 1358 2397 sculpantur,
1373 2342 1432 2385 etim
1458 2338 1511 2385 tota
1535 2338 1584 2400 per
1606 2332 1734 2385 mnndum
1757 2332 1850 2389 Ecclesia

241 2422 330 2465 nietrta
345 2409 403 2480 pari
416 2409 450 2461 de
463 2408 575 2460 Domina
588 2402 757 2459 attestatione
774 2401 954 2455 consentiunt.
968 2397 1036 2453 item
1087 2397 1218 2452 virtutum
1231 2397 1390 2468 spiritalium
1404 2400 1570 2455 exsecutioni
1585 2400 1689 2467 absone
1701 2402 1752 2457 ttllo
1767 2418 1851 2469 prorsas
1921 2398 1922 2435 ἶ

240 2482 290 2537 alis
307 2479 496 2540 exterioribus,
513 2476 568 2528 iste
587 2488 670 2529 dnum
691 2474 836 2541 parietem,
856 2470 902 2526 ilie
921 2469 1037 2524 alterata
1088 2482 1182 2524 errore
1197 2478 1319 2538 prompta
1330 2469 1473 2524 deuotione
1483 2470 1593 2526 insistit.
1605 2470 1659 2527 Ubi
1670 2474 1734 2528 bene
1742 2474 1849 2540 subditur,

203 2596 206 2603 .
245 2550 428 2620 coratingebat,
442 2548 502 2615 qnia
514 2555 590 2599 retus
601 2545 800 2599 Testamentum
812 2539 1039 2610 proptieantiqua
1092 2535 1125 2592 Et
1140 2536 1636 2609 semaiaeiacbernbinctpalmar,et
1656 2545 1849 2614 pietaraarario,

184 2622 188 2626 ’
246 2623 291 2675 liei
306 2617 544 2690 papnloacriptutn
557 2623 615 2678 est;
630 2611 1038 2680 norumreronobis,quipost
1090 2610 1165 2674 asari
1175 2610 1346 2681 prominentes
1360 2610 1512 2680 dapariete,
1527 2622 1550 2663 et
1565 2610 1729 2680 egredientes
1744 2611 1850 2669 (ὶιιιιιιῑι

243 2693 454 2747 intrarnatinnem
480 2685 647 2740 bortrinicaut
672 2684 705 2737 atl
731 2682 811 2737 lldem
839 2683 972 2736 vertimus.
1002 2680 1038 2735 Er
1091 2680 1511 2750 nemqueiuparietibnstempii
1527 2679 1802 2748 iacitSalomon,enm
1812 2688 1851 2740 ste·

242 2761 362 2817 secundo
375 2758 469 2826 part-ton
483 2756 511 2810 b.
525 2770 551 2810 e.
568 2752 787 2825 septentrionali,
802 2763 876 2807 recte
895 2764 1037 2821 campara-
1090 2760 1149 2805 ctos
1161 2765 1226 2806 auos
1240 2751 1368 2806 Dominus
1382 2752 1415 2806 atl
1429 2752 1548 2822 regulam
1564 2753 1756 2821 scripturaram
1770 2767 1852 2809 sancta·

241 2848 312 2896 ntor,
323 2832 417 2903 quibus
430 2826 620 2896 postlrignsac
631 2824 756 2879 tenebras
767 2821 938 2888 idololatria,
948 2821 1035 2877 lucent
1090 2835 1164 2889 rum,
1179 2820 1205 2876 in
1221 2820 1318 2892 quibus
1329 2831 1372 2877 est
1389 2822 1530 2877 multitudo
1549 2823 1688 2888 scietttlae,
1706 2835 1779 2879 rrum
1795 2838 1851 2879 man

244 2904 362 2958 ueritatis
380 2911 544 2967 cognoscere
564 2896 659 2950 datam
681 2904 723 2949 est
735 2911 741 2947 :
757 2907 818 2948 nam
829 2901 856 2947 et
865 2895 887 2948 si
899 2892 1035 2963 primitiva
1089 2891 1205 2973 dirigere
1216 2892 1308 2947 donat.
1319 2892 1454 2949 citerubln
1468 2892 1540 2960 lacit,
1552 2906 1612 2948 cnm
1624 2909 1672 2949 eos
1682 2897 1707 2950 in
1718 2894 1764 2949 1100
1776 2896 1851 2949 mum„

242 2973 361 3029 Ecclesia
377 2970 492 3025 maxime
503 2967 538 3021 de
549 2964 650 3021 lanais
663 2962 790 3028 effloruit,
806 2972 835 3018 et
848 2965 936 3018 omnia
954 2961 1036 3018 israel
1050 2990 1074 3055 c
1089 2969 1241 3016 castitatem
1255 2963 1382 3034 angelicae
1400 2963 1612 3019 conuersationis
1636 2980 1685 3032 pro
1706 2966 1800 3021 rnodnln
1815 2980 1851 3020 ιιι

243 3043 314 3099 circa
328 3045 407 3097 tinem
420 3037 514 3095 saculi
528 3036 671 3092 salvandos
683 3049 744 3089 esse
765 3034 903 3100 ereditur,
928 3032 1036 3104 plurimi
1088 3031 1167 3088 docet
1182 3033 1291 3099 imitari,
1306 3048 1367 3101 qnae
1381 3035 1497 3090 maxime
1510 3035 1606 3104 sigiliis
1626 3051 1660 3092 ae
1679 3037 1789 3093 laudium
1803 3038 1850 3088 mm

245 3115 364 3170 lldelium
381 3112 460 3180 bajus
477 3109 599 3178 corporis
620 3115 819 3176 congregantur
841 3101 874 3158 ad
897 3103 1038 3174 Evangelii
1089 3102 1143 3167 nis.
1158 3101 1302 3160 dilectione
1315 3106 1421 3160 sincera
1434 3103 1587 3160 conditoris
1601 3114 1630 3159 et
1643 3107 1751 3179 proximi
1764 3109 1850 3176 geritur.
1921 3142 1922 3145 ,

243 3180 407 3251 suscipiendi
429 3188 617 3242 sacramenta,
640 3176 737 3246 quibos
751 3174 832 3229 etiam
845 3174 1037 3229 bocditinitns
1089 3171 1197 3228 Palmas
1216 3173 1279 3229 lecit
1300 3189 1360 3230 com
1386 3176 1543 3230 memoriam
1567 3183 1679 3231 aeternae
1700 3176 1850 3233 retributum

244 3255 373 3308 donatum
384 3258 435 3315 est,
449 3258 478 3302 nt
489 3248 615 3302 rerelatis
624 3246 710 3300 oculis
723 3246 813 3300 cordis
827 3245 880 3310 sni,
895 3242 1038 3300 maniicste
1088 3258 1183 3299 euruto
1199 3244 1333 3303 mentibus
1347 3245 1442 3316 inllgit,
1457 3255 1485 3299 ut
1498 3260 1531 3299 eo
1546 3244 1637 3301 minus
1650 3247 1684 3301 ab
1696 3262 1753 3303 arce
1764 3247 1850 3315 jutia

243 3328 409 3393 cognoscant
421 3319 536 3373 litteram
553 3314 651 3371 veteris
670 3313 854 3377 Testamenti,
874 3315 1038 3385 evangelicae
1089 3313 1142 3369 labi
1167 3324 1285 3386 queant,
1328 3328 1364 3370 aa
1387 3316 1538 3371 mercedem
1559 3316 1671 3399 jussticias
1692 3332 1788 3387 semper
1804 3326 1850 3370 anta

262 3393 336 3455 ratim
351 3391 455 3458 plenam
471 3401 532 3443 esse
546 3384 691 3459 mysteriis.
712 3383 813 3440 versas
835 3382 935 3440 babent
954 3384 1038 3440 iacies
1088 3383 1179 3438 cordis
1200 3385 1293 3441 ocultis
1310 3332 1425 3442 (babent.
1448 3384 1522 3440 l'actr
1544 3396 1665 3452 pretores
1681 3387 1850 3455 rariaspnrm.

243 3410 379 3520 inemtas
402 3459 435 3513 ad
461 3457 623 3513 exteriorem
648 3455 778 3521 domum,
803 3456 864 3523 quia
889 3453 968 3510 nobis
991 3452 1037 3525 qui
1088 3455 1231 3510 nemerde
1249 3456 1372 3524 pariete,
1386 3466 1414 3512 et
1432 3455 1630 3529 egaepffimffi
1644 3473 1704 3513 cum
1726 3455 1850 3512 mmm

242 3535 331 3588 aribnc
346 3531 409 3585 loris
422 3536 535 3592 stamus,
548 3541 598 3582 nec
612 3540 653 3591 re,
666 3525 715 3581 sed
728 3537 776 3595 sps
787 3522 854 3579 salvi
873 3522 934 3579 lactl
943 3538 1047 3579 sumus.
1088 3524 1216 3579 virtutum
1230 3527 1401 3595 operationes
1415 3526 1541 3582 fidelibus
1559 3527 1675 3583 tribuit:
1696 3528 1763 3582 serbi
1777 3527 1849 3594 gram,

246 3603 334 3659 liirinl
349 3609 412 3656 snm
425 3597 487 3654 libri
499 3597 599 3653 conditi
612 3613 620 3659 ;
633 3595 698 3668 qnia
713 3594 858 3664 scriptores
868 3609 962 3650 eoram
981 3595 1037 3664 jam
1087 3594 1191 3649 viscera
1205 3596 1406 3657 inisericordiae.
1422 3597 1624 3665 bettignitatetn,
1642 3597 1851 3666 bombinatorem

243 3684 387 3745 regnantes
411 3685 472 3725 cum
496 3667 630 3733 bomlno,
652 3667 787 3735 illumque
801 3664 985 3720 collaudantes
1010 3666 1036 3719 in
1088 3667 1221 3732 tlensium,
1236 3664 1517 3734 inridesttanpatterre
1531 3667 1655 3733 inuicem,
1669 3665 1852 3723 etdnnareriil·

243 3747 329 3802 cretis.
345 3756 436 3797 cnram
451 3747 549 3794 nostra
561 3737 783 3809 gerunt-salutis,
800 3735 846 3805 arti
866 3750 915 3805 pro
938 3736 1039 3791 nastris
1088 3736 1221 3802 ntetipsls,
1233 3750 1315 3805 super
1327 3741 1417 3791 omnia
1429 3747 1520 3792 nutent
1531 3737 1590 3793 ltac
1601 3740 1755 3803 elraritatem
1765 3737 1850 3799 baben.

243 3832 266 3872 e
276 3815 377 3870 ratibus·
387 3810 457 3880 apud
469 3809 528 3878 ejus
540 3813 666 3877 pietatem
678 3804 861 3876 interpellant.
872 3805 1038 3861 Circumdati
1089 3805 1160 3873 uttod
1173 3816 1215 3860 est
1226 3806 1362 3861 vinculum
1376 3808 1558 3874 perlectionls.
1574 3806 1643 3875 Quae
1657 3808 1774 3865 villellam
1789 3807 1850 3861 rirtn

246 3895 309 3940 sunt
324 3898 389 3938 auro
403 3880 550 3943 t'iiernbiu,
562 3879 623 3948 qnia
639 3877 775 3948 preclaris
795 3886 955 3945 acnptorum
973 3890 1038 3932 suo·
1089 3884 1131 3929 tes
1143 3889 1203 3929 cum
1220 3876 1246 3930 in
1269 3885 1369 3931 tanum
1393 3877 1487 3933 electis
1509 3880 1726 3935 cortanetndinem
1745 3879 1851 3935 tenenat.

244 3971 304 4011 rarn
318 3953 445 4023 operibns
457 3946 1040 4012 conllrmmnraoctoritasTestamentorum,
1090 3951 1121 3999 ut
1132 3946 1203 4000 telut
1217 3947 1375 4002 naturaliter
1387 3948 1428 4003 eis
1443 3946 1584 4003 videantur
1598 3947 1704 4015 irtsiras,
1724 3951 1780 4021 qaid
1798 3945 1851 4001 aliod

191 4066 198 4077 .
245 4027 414 4080 manitestata
436 4022 490 4091 jam
518 4034 565 4089 per
589 4020 682 4073 arbem
710 4018 862 4087 cognitione
888 4015 1039 4071 diuinarum
1091 4029 1171 4084 uttam
1188 4017 1525 4084 picturaedotnnsllotnini
1540 4018 1852 4088 prominerttes,uuasidr
1921 4062 1922 4081 ,

244 4097 456 4165 scripturaram,
469 4091 527 4146 sire
547 4091 652 4144 interna
673 4088 757 4157 gloria
780 4087 931 4142 cutesttnm
955 4084 1041 4157 agml·
1092 4087 1192 4153 pariete
1202 4092 1325 4151 exeunt,
1340 4087 1401 4158 qttia
1424 4090 1509 4144 rerba
1532 4096 1560 4143 et
1580 4102 1663 4156 opera
1687 4088 1851 4144 terinaneum

247 4181 310 4222 num
326 4178 432 4219 :utrum
453 4159 567 4216 nieorum
575 4159 695 4221 Cbcrub,
710 4157 878 4223 utdirimus,
889 4166 917 4212 et
930 4157 1041 4227 angelos
1091 4155 1179 4210 adbuc
1192 4158 1226 4210 ab
1240 4156 1301 4211 aliis
1315 4159 1484 4213 extrinsecus
1506 4156 1632 4223 discant,
1657 4159 1704 4217 sed
1725 4170 1751 4214 ιιι
1771 4157 1852 4211 sibinrrt

247 4235 432 4296 videlicet.et
466 4238 614 4285 estamenta
636 4228 796 4297 designant,
818 4241 879 4281 cnm
896 4228 986 4296 plures
1007 4226 1041 4281 ad
1092 4226 1173 4281 inilia
1188 4226 1326 4289 radicitus,
1342 4238 1432 4296 parata
1446 4242 1556 4296 semper
1567 4227 1602 4282 ab
1615 4228 1800 4285 intimisconlis
1810 4238 1852 4292 aaa
1921 4288 1922 4291 Ἴ

246 4306 326 4360 litem
339 4304 460 4359 converti
474 4311 501 4354 et
516 4301 593 4355 bonis
608 4298 744 4353 abundare
757 4296 890 4365 ruperim
903 4296 1041 4368 operibus.
1092 4311 1154 4351 sum
1168 4296 1269 4365 agenda
1285 4297 1341 4351 site
1353 4298 1473 4353 docenda
1488 4296 1647 4380 proterontt
1661 4298 1712 4355 Sed
1722 4309 1744 4353 et
1753 4295 1853 4365 panisar

246 4375 323 4432 Unde
337 4383 365 4428 et
377 4384 438 4444 apte
450 4370 594 4426 subditur:
610 4367 644 4423 dr
656 4384 742 4422 omncs
761 4368 870 4439 parietes
888 4364 977 4436 templi
996 4382 1041 4436 per
1056 4384 1080 4443 ῃ
1093 4375 1148 4420 tum
1160 4370 1251 4420 dantur
1266 4367 1326 4420 trait
1349 4383 1413 4422 aare
1434 4369 1586 4422 intrinsecus
1609 4379 1634 4423 et
1656 4370 1814 4429 extrinsecas,
1833 4365 1852 4415 itt
1921 4372 1922 4381 ¹

246 4446 381 4500 circuitum
404 4442 510 4509 sculpsit
530 4441 610 4495 laclia
634 4438 763 4494 caelaturis
787 4449 810 4492 et
832 4447 917 4493 torno.
941 4437 1041 4493 Omnes
1092 4440 1202 4491 oraculo
1216 4447 1243 4490 et
1258 4436 1283 4491 in
1299 4440 1356 4507 ipsa
1370 4438 1482 4508 templs.
1497 4435 1655 4509 significare
1668 4450 1750 4494 „mem
1763 4435 1852 4490 gemm

247 4519 363 4586 parietes
376 4512 466 4583 templi
479 4527 525 4579 per
537 4509 677 4567 circuitum
691 4522 785 4563 omnes
799 4522 900 4564 sanctae
914 4508 1042 4562 tertosa
1092 4522 1183 4576 supra,
1194 4505 1263 4577 quinti
1275 4510 1418 4577 pavimenti
1429 4508 1705 4578 aequnlitasbnmilera
1715 4503 1852 4563 concordias

247 4586 337 4657 populi
353 4592 424 4650 sont,
436 4584 534 4653 quibas
546 4595 629 4648 saper
642 4580 843 4635 laudamentum
855 4577 957 4633 Christi
970 4578 1042 4631 loca·
1092 4576 1245 4646 designaret
1260 4589 1359 4633 strictae
1373 4576 1566 4639 fraternitatis.
1582 4580 1627 4635 ubi
1649 4594 1709 4634 cnm
1726 4581 1774 4632 aiut
1788 4571 1851 4629 ialal

248 4658 293 4724 tls,
308 4656 388 4710 totius
402 4653 532 4707 ambitum
547 4651 621 4706 orbis
639 4650 769 4718 replerit,
789 4657 961 4719 ereptumque
978 4647 1041 4702 lldei
1092 4654 1120 4701 et
1133 4658 1242 4729 gentes,
1257 4648 1362 4703 barbari
1375 4656 1403 4704 et
1418 4647 1537 4719 Scyllae,
1554 4649 1630 4705 liberi
1646 4662 1673 4706 et
1687 4647 1761 4711 serti,
1772 4643 1851 4699 nauus

248 4725 392 4782 adiiciam
404 4722 522 4793 quotidie
536 4736 604 4776 nota
617 4718 800 4775 membrorum
816 4732 926 4773 suornm
946 4732 1041 4788 proge·
1092 4726 1121 4771 et
1136 4717 1276 4787 ignobiles,
1290 4720 1378 4772 carneti
1392 4735 1421 4773 se
1436 4720 1462 4774 in
1477 4719 1586 4789 cbristo
1602 4722 1699 4777 iratres
1720 4730 1790 4780 esse,
1808 4712 1851 4766 ιιι.

249 4797 310 4859 nia,
325 4797 400 4865 qnasi
416 4792 532 4861 lapidum
555 4791 736 4861 pretiosarum
756 4788 926 4856 appositione
946 4802 1041 4857 snper·
1092 4790 1163 4841 versi
1176 4788 1300 4842 eumdem
1315 4803 1344 4843 se
1358 4791 1457 4843 babere
1473 4790 1578 4844 Patrem
1594 4792 1619 4843 in
1633 4789 1706 4846 caiis
1722 4788 1851 4858 gloriatam

247 4882 281 4922 att
302 4872 423 4921 meritare
436 4878 488 4915 raon
503 4862 619 4916 desistit.
631 4861 681 4927 Qui
696 4858 822 4914 nimirum
834 4860 947 4928 parietes
958 4858 1042 4913 variis
1094 4858 1262 4926 nequeenim
1277 4858 1310 4913 de
1321 4859 1533 4919 cttncordrssinm
1546 4858 1694 4915 numilitate
1707 4864 1851 4927 superatum

249 4882 384 4993 cariatone
403 4932 580 5000 sculpantur:
604 4929 668 4987 Crrm
686 4928 733 4983 alii
752 4928 829 4983 datar
851 4945 897 4999 per
916 4926 1043 4998 Spiritum
1094 4928 1192 4982 cirtnm
1208 4928 1467 4998 dtrttitarecuiqnam
1481 4929 1520 4984 las
1533 4939 1586 4987 est,

248 5023 331 5063 sermo
348 5004 497 5074 sapientie,
520 5003 566 5056 alil
587 5017 670 5056 rernm
684 5000 797 5055 scientie
814 5000 955 5053 menradum
972 5012 1044 5053 enm·
1133 4996 1214 5052 xiil.
1231 4996 1269 5051 lle
1287 5000 1405 5070 inprcasu
1424 4999 1532 5053 oraculi.
1549 5000 1613 5068 Cap.
1637 4995 1786 5054 rr-am
1802 5002 1850 5058 erga

248 5080 306 5132 dem
322 5075 460 5144 Spiritum.
475 5073 548 5127 alteri
563 5072 627 5142 fidet
641 5073 669 5125 itt
679 5071 767 5125 todem
782 5068 892 5142 Spiritu,
904 5069 950 5123 alii
961 5070 1046 5143 gralia
1095 5065 1223 5123 Salomon
1239 5069 1410 5138 pauitneatnm
1422 5071 1850 5140 durnmnurrimrtmrcmetraatt·

247 5150 388 5202 sonitatum
402 5145 429 5200 in
442 5160 493 5198 uno
507 5144 622 5213 Spiritu,
638 5141 684 5194 nlii
703 5142 816 5210 operatio
837 5142 976 5208 virtutum,
998 5139 1046 5193 atti
1096 5154 1181 5204 scena,
1196 5155 1256 5207 mna
1269 5138 1324 5193 Rex
1337 5147 1430 5194 noster
1441 5138 1566 5209 piacilcns
1577 5152 1601 5195 et
1617 5143 1722 5208 angelos
1732 5144 1850 5205 arqueriu-

248 5215 570 5289 prophetiamliidiscretia
578 5210 781 5282 spirituum,alii
789 5224 880 5280 genera
887 5211 1045 5283 linguarum,
1099 5224 1156 5264 rnna
1168 5209 1302 5278 justornm
1320 5208 1347 5263 in
1361 5209 1437 5265 cleiis
1453 5208 1572 5278 perlecto
1584 5224 1615 5264 aa
1630 5208 1743 5279 plenarie
1754 5198 1850 5260 dotali·

248 5290 295 5342 atii
309 5287 484 5356 interpretatio
498 5299 644 5338 sermonum
658 5281 684 5349 (l
700 5279 759 5336 Gar.
776 5283 835 5350 an).
854 5278 886 5333 Et
900 5291 929 5335 nt
942 5279 975 5335 ad
987 5280 1047 5334 ilias
1099 5279 1221 5335 lectionis
1241 5277 1374 5348 implerit,
1398 5286 1425 5334 ct
1439 5280 1643 5350 peregrinantes
1661 5280 1688 5334 in
1711 5278 1756 5333 boa
1773 5268 1850 5349 sealt!-t

250 5358 399 5420 ronlantns,
415 5369 481 5424 trinas
495 5367 589 5408 omines
602 5352 702 5408 babere
716 5350 837 5405 valemus
849 5351 974 5416 virtutes,
989 5349 1048 5403 cirn-
1099 5349 1173 5405 eires
1192 5349 1311 5420 eiusdem
1334 5349 1429 5419 patriae
1444 5349 1562 5406 celestis
1580 5349 1713 5420 signaculo
1728 5343 1849 5403 diiectimu

250 5427 321 5482 ritca.
334 5425 539 5497 gandiumpra,
550 5420 1046 5544 trrrpnnimltar,parientia,tempm·tar,
1099 5428 1287 5475 acaeterorum
1311 5423 1463 5475 mortalium
1485 5418 1586 5475 vilitate
1607 5407 1848 5493 segregaritzlnin

251 5496 503 5562 bonirarmonrattn.
514 5493 670 5547 continentia
680 5487 749 5562 (Gal.
761 5487 935 5559 inpetentem
956 5499 1047 5545 ructus
1098 5501 1259 5560 cognoscem,
1275 5491 1409 5612 insaniens.
1425 5505 1521 5557 astraea,
1540 5492 1601 5563 qaia
1615 5489 1731 5561 discipuli
1742 5486 1784 5540 mai
1794 5492 1846 5536 ertit·

252 5565 381 5631 spiritns,
403 5564 466 5632 quid
491 5563 540 5616 nisi
560 5564 697 5617 calatium
720 5560 851 5628 parietum
876 5561 967 5629 templi
986 5573 1046 5628 quae
1098 5562 1120 5613 ai
1131 5562 1292 5615 dilectionem
1324 5561 1446 5616 abieritis
1460 5560 1601 5614 adinvicem
1617 5556 1781 5633 (lornant)-
1795 5546 1846 5604 itit

252 5637 363 5708 ornatus
373 5643 435 5685 sunt
446 5633 574 5685 mentium
584 5631 674 5702 popuii
686 5629 742 5685 [leit
754 5629 918 5698 Sculpuntua
927 5640 954 5686 et
965 5630 1045 5684 iidem
1097 5630 1214 5700 inpressa
1229 5630 1328 5686 oraculi
1341 5630 1399 5701 {erit
1411 5632 1503 5686 ostiola
1513 5630 1545 5685 de
1555 5632 1631 5704 lignis
1641 5631 1763 5686 utrarum.
1774 5630 1845 5691 parta·

251 5705 370 5765 partetes
382 5707 475 5766 torna,
489 5713 549 5754 eunt
571 5706 696 5772 prompta
715 5700 817 5772 pollent
837 5702 926 5755 anima
951 5701 1045 5759 lldelas
1096 5696 1852 5813 gueaapalornntquinutu,etduccatiadeiiunisoit'tausr(
1921 5758 1922 5773 χ
