4009 6184
189 329 225 389 et

695 322 739 377 DE
761 320 1015 379 lNChllNthllhE
1035 322 1171 381 etttttStt
1190 323 1254 379 [ΑΒ.
1275 324 1319 379 ll.

1792 331 1827 391 δι

195 446 279 502 Deus.
294 440 326 495 Et
343 436 406 494 ideo
420 436 492 493 idum
505 434 651 503 apiostolus
663 435 731 489 lenc
745 434 864 490 rtrhdid'rr
875 436 986 490 dit-ons:
1002 440 1028 498 ,t
1042 444 1095 488 turo
1110 437 1169 505 Apo
1186 437 1267 490 tolrrro
1283 437 1507 517 cottrplecteotem
1521 453 1529 492 t
1545 439 1636 504 dher,
1654 439 1759 511 inquit,
1776 440 1827 497 Do·

196 531 318 606 quisquis
331 530 469 585 crediderit
481 528 543 597 osto
561 522 638 582 Jerttr
650 535 687 582 ert
699 523 786 581 Filius
799 526 857 593 trs,
882 526 949 581 lteur
961 528 989 581 itt

193 626 241 681 iilo
253 631 358 688 ιιιιιιιιι,
371 629 394 675 et
409 619 521 674 charitat
535 615 584 674 Dei
598 618 625 672 in
645 635 676 675 etr
692 620 807 691 perfectu
820 629 856 673 ert
872 619 898 690 tl
908 617 987 674 doen.

169 716 244 790 itt).
259 716 339 771 lllurn
356 730 421 770 tere
433 713 564 785 praedicat
583 712 718 780 eredere,
734 712 810 766 illurn
825 712 934 782 plenum
949 712 991 766 di·

171 783 177 811 ³
194 814 261 867 tina
276 810 376 866 asserit
389 808 531 870 charitate,
547 807 592 877 qui
607 806 699 861 lesum
716 805 816 861 Filium
830 806 877 861 liei
893 805 988 863 erodit.

193 906 295 966 Filium
308 913 400 961 autem
415 904 463 958 liei
476 901 595 958 llerlnrm
609 901 657 956 liei
671 915 731 957 esse
745 908 859 956 testatur
875 918 883 956 ι
897 915 929 955 ac
943 916 991 970 pce

194 1003 248 1055 troc
262 1013 347 1053 onum
360 1004 442 1067 atquc
462 995 533 1050 idem
551 994 657 1062 penitus
668 994 727 1050 tult
741 993 853 1062 intelligi
867 993 990 1063 unigeni·

196 1105 255 1145 runt
273 1090 392 1144 iethum
408 1085 476 1151 liei.
501 1096 529 1143 ct
549 1084 641 1142 lesum
663 1084 802 1143 Christum
818 1083 838 1138 F
841 1082 915 1138 ilium
931 1083 989 1140 liei.

196 1182 247 1237 ιιι
256 1191 350 1236 auteur
362 1180 468 1249 plenius
477 1178 556 1246 scire,
573 1177 696 1247 quamtis
709 1176 833 1233 Christus
843 1174 991 1232 secundum

195 1289 308 1327 earnem
325 1286 389 1326 rere
414 1287 448 1327 cx
470 1269 580 1325 homine
603 1268 684 1324 homo
709 1279 788 1324 natus
812 1278 876 1332 est,
901 1277 991 1323 tamen

196 1377 313 1436 propter
328 1362 492 1419 ineffabilem
505 1362 667 1416 sacrementi
683 1362 823 1427 unitatem,
835 1376 887 1432 que
901 1362 993 1416 unitus

195 1472 260 1511 cum
276 1455 332 1509 lieo
344 1443 426 1508 lrorn'o
438 1463 490 1520 εει,
505 1461 519 1490 ⁸
534 1452 635 1507 nullam
652 1452 759 1521 penitus
773 1453 843 1507 inter
855 1451 991 1509 Christum

195 1561 224 1603 et
238 1546 358 1603 heroon
374 1560 435 1601 esse
448 1544 624 1605 distantiam!
638 1545 707 1600 sudi
721 1543 889 1601 Domitriettm
903 1546 992 1599 litun·

194 1639 313 1709 gellam,
323 1637 407 1694 immo
417 1637 575 1706 potiusaudi
586 1636 992 1705 ipsumdescendentemllcum.

117 1754 122 1762 ·
196 1730 268 1787 dirce
278 1739 326 1795 est,
341 1729 441 1800 innuit,
455 1731 509 1783 rita
523 1739 629 1795 eterne,
643 1726 657 1767 Ι)
670 1737 696 1785 ιιι
710 1737 866 1800 reponerent
876 1737 900 1782 ιε
909 1728 994 1783 tolum
1011 1718 1014 1723 ⁴

1041 527 1126 583 titirus
1142 538 1229 584 notter
1241 526 1318 585 letus
1331 529 1465 590 Christus.
1481 548 1527 603 prr
1540 548 1617 602 quent
1630 533 1716 587 omnic
1730 533 1755 605 (l
1767 530 1830 595 Cor.

1041 622 1120 693 tur).
1136 622 1203 677 teto
1226 623 1314 685 bone,
1338 631 1437 693 quanta
1459 636 1500 678 est
1520 624 1670 680 auctoritas
1691 626 1717 680 in
1738 626 1828 681 rethia

1042 713 1113 767 tuis!
1130 726 1173 767 tur
1188 714 1260 767 enim
1273 723 1334 767 suot
1347 729 1406 783 quae
1418 728 1433 766 a
1445 714 1498 768 tuis
1512 723 1597 784 perte
1611 717 1748 772 dicuntur.
1763 716 1831 772 Ecce

1042 809 1093 860 hoc
1107 806 1345 867 Arreston-dictum
1359 822 1440 872 tpuatrr
1455 807 1547 873 paucis
1561 817 1660 878 qtranta
1673 809 1832 877 rpnrplecti·

1042 908 1084 952 tur
1096 899 1104 954 l
1119 896 1202 962 Utrur,
1218 898 1312 966 inquit,
1329 898 1458 953 Dominus
1469 896 1545 952 iesus
1558 897 1687 969 Chr-istut,
1701 918 1833 973 perquem

1042 992 1139 1046 omnic.
1155 990 1289 1061 Numquid
1304 992 1337 1046 ad
1352 990 1553 1060 ptathatttuo
1568 995 1633 1047 tanti
1650 995 1773 1066 mysterii
1787 1010 1833 1049 st-

1042 1097 1210 1141 ctamerrtrrm
1224 1087 1313 1154 alitprta
1329 1087 1520 1142 circumitione
1535 1087 1678 1141 verborum
1694 1102 1759 1142 usus
1773 1088 1832 1142 ettl

1042 1190 1088 1232 aut
1104 1177 1129 1233 id
1144 1179 1214 1248 quod
1230 1179 1345 1247 intelligi
1360 1195 1376 1233 a
1391 1179 1470 1234 nubis
1484 1179 1583 1240 toluit.
1600 1181 1686 1249 longae
1701 1180 1833 1235 orationis

1043 1273 1200 1326 narratione
1214 1272 1361 1326 tractatitl
1377 1269 1466 1334 Unus.
1484 1271 1590 1339 tonuit,
1606 1269 1733 1327 Dominus
1747 1282 1835 1327 notter

1042 1361 1118 1418 ictus
1133 1362 1264 1429 Christus,
1278 1380 1324 1441 per
1337 1381 1411 1435 quern
1430 1364 1528 1419 omnic.
1552 1362 1673 1433 Simplici
1688 1374 1792 1419 tantum
1805 1375 1834 1419 et

1044 1455 1120 1509 ltreri
1142 1454 1276 1509 locutione
1296 1468 1424 1509 arcanum
1445 1464 1528 1510 tantte
1543 1447 1691 1523 majestatis
1706 1455 1834 1513 edocuit:

1044 1545 1093 1601 liic
1109 1545 1346 1613 scilieet‘lrdutia,
1361 1561 1413 1617 qua
1429 1545 1532 1603 sciebat
1546 1562 1701 1602 sermonem
1714 1563 1792 1601 suurn
1808 1544 1835 1602 in

1045 1638 1152 1708 negotio
1169 1638 1216 1693 troi
1231 1637 1320 1707 longis
1335 1637 1620 1708 argumentationibus
1635 1653 1687 1692 non
1702 1653 1792 1708 egere.
1808 1650 1836 1692 et

1046 1729 1124 1784 tidem
1141 1729 1220 1785 dictis
1234 1731 1291 1785 suis
1304 1730 1473 1787 divinitatem
1488 1730 1564 1786 dere.
1581 1730 1645 1789 Sola
1660 1730 1731 1785 enim
1748 1731 1780 1785 td
1795 1730 1837 1786 tli-

197 1839 289 1877 emm
301 1820 402 1888 dicem,
420 1831 532 1893 etonem
545 1820 638 1875 mirirti
650 1818 741 1874 iesum
754 1820 885 1876 Cirtirtrtm
899 1817 990 1892 (ioco.
1009 1826 1150 1886 Botorum
1171 1824 1423 1885 corthnrratiooem.
1439 1837 1529 1878 rerum
1550 1821 1649 1876 sulitcit
1668 1821 1838 1877 demonstra·

198 1930 258 1970 xtn
269 1956 277 1981 ,
288 1914 335 1986 5).
350 1913 479 1983 Superius
495 1911 593 1968 audisti
607 1912 718 1968 terbum
734 1911 783 1968 Dei
803 1911 837 1968 ad
857 1911 993 1967 satiandos

198 2007 327 2063 hominos
345 2006 457 2061 missurn
480 2020 542 2061 esse
563 2022 569 2059 :
589 2004 635 2061 iric
650 2015 740 2061 autem
762 2005 841 2061 audis
862 2020 924 2061 eura
947 2006 993 2077 qui

200 2097 303 2152 missus
323 2097 381 2163 sit,
407 2096 498 2154 lesutn
524 2096 666 2152 Christum
685 2112 757 2154 csse.
783 2099 884 2169 separa
901 2099 953 2154 lroc
969 2100 992 2154 si

200 2195 304 2259 potes:
320 2201 381 2243 curn
395 2186 489 2242 videas
503 2195 605 2242 mutarn
621 2188 750 2244 unitatem
761 2188 863 2247 Christi
873 2197 901 2247 et
913 2189 993 2246 Verbi

200 2294 232 2336 es
246 2294 286 2347 ε,
308 2288 338 2335 ut
353 2295 407 2336 non
426 2280 514 2335 sulum
536 2280 638 2342 unitum
653 2296 715 2337 eum
730 2280 838 2338 chrito
854 2281 991 2349 Verbum,

199 2372 251 2429 sed
266 2372 348 2428 etiam
361 2383 472 2442 propter
484 2373 612 2430 unitatem
627 2374 712 2445 ipsam
726 2375 849 2432 Christus
860 2377 915 2447 jam
929 2377 994 2431 ιιι-

203 2463 270 2523 littrtt
284 2476 346 2519 case
364 2462 478 2519 dicatur.

445 2590 450 2599 ,
512 2532 626 2591 CAPUT
640 2534 682 2589 lt.

346 2623 431 2681 Unum
450 2642 505 2681 erse
521 2628 549 2681 ln
563 2624 666 2683 Christo
685 2628 852 2699 hypostasim.

242 2738 297 2796 Sed
315 2752 411 2808 parum
431 2739 484 2795 hoc
498 2739 606 2795 elucere
622 2739 734 2796 forsitan
752 2752 848 2807 purast
866 2757 917 2797 non
933 2745 993 2813 qnia

205 2845 302 2902 parurn
318 2830 424 2897 luceat,
438 2831 486 2887 sed
502 2830 646 2887 infidelitas
658 2833 801 2888 tenebrosa
815 2848 923 2903 semper
938 2835 994 2904 ipsu

203 2921 261 2983 sibl
275 2922 356 2977 etlam
372 2922 399 2977 in
415 2922 475 2977 lnce
488 2922 616 2978 tenebras
628 2922 705 2981 lacit.
719 2924 789 2980 dudi
802 2924 892 2994 ltaque
904 2924 996 2995 paucis

205 3013 379 3072 sermonibus
392 3029 473 3071 omne
488 3015 540 3072 lroc
555 3016 665 3074 urtitatir
678 3016 826 3073 domitrice
840 3033 996 3073 sacramen·

1047 1914 1103 1980 tio,
1128 1912 1238 1984 putrido
1263 1914 1387 1984 probatio
1411 1914 1437 1969 in
1463 1914 1622 1969 arretoritato
1645 1913 1763 1968 dicentis
1783 1928 1836 1971 ear.

1049 2003 1122 2060 llaut
1137 2020 1212 2073 ergo,
1227 2005 1330 2076 inquit,
1347 2005 1474 2060 Dominus
1487 2004 1563 2060 Jeme
1578 2005 1694 2060 Christro
1706 2020 1752 2077 per
1764 2022 1838 2074 guerr

1047 2100 1144 2153 otnrrio.
1161 2099 1311 2153 Considera
1328 2098 1371 2154 triti
1388 2097 1441 2153 lroe
1456 2098 1490 2154 de
1502 2098 1592 2154 Verbo
1608 2098 1695 2153 l‘atris
1718 2100 1836 2169 legeris,

1047 2189 1118 2260 qnod
1134 2189 1168 2244 de
1182 2186 1292 2245 Christo
1307 2189 1383 2260 legis.
1407 2189 1516 2259 Omnia,
1536 2189 1623 2258 inquit
1643 2188 1836 2261 Evangetium.

1047 2300 1092 2355 per
1111 2283 1194 2355 ipsum
1218 2287 1286 2354 {ncta
1307 2297 1376 2350 sunt,
1399 2292 1423 2336 et
1442 2282 1498 2336 sine
1516 2284 1574 2351 ipso
1596 2282 1694 2352 pectunt
1717 2291 1756 2337 est
1773 2281 1839 2340 nihil

1048 2376 1143 2446 (loon.
1164 2378 1205 2443 tl.
1233 2376 1379 2444 Apostolos
1404 2375 1487 2438 dicit,
1512 2390 1558 2447 per
1583 2374 1713 2428 Ciminum
1740 2376 1836 2430 omitia.

1049 2470 1220 2537 [tangolium
1249 2466 1334 2530 dicit,
1363 2483 1406 2535 per
1432 2463 1546 2520 Verbum
1573 2467 1683 2519 otttrtitt:
1708 2464 1838 2535 nrrtrrtpultl

1049 2569 1199 2627 repugnant
1223 2557 1273 2611 sihi
1295 2572 1436 2612 sucurrones
1459 2556 1552 2610 sterit
1577 2572 1630 2611 nort
1653 2556 1766 2627 utitpre:
1790 2558 1839 2615 sed

1050 2664 1132 2703 unum
1155 2658 1237 2716 atoue
1258 2647 1384 2701 eumdem
1407 2646 1519 2716 intelligi
1541 2645 1627 2700 coluit
1646 2654 1675 2701 et
1695 2647 1842 2715 Apostolos

1050 2743 1112 2795 Chri
1131 2750 1185 2795 tum
1201 2757 1248 2811 per
1264 2757 1343 2811 quem
1359 2740 1449 2794 omnia
1466 2747 1558 2795 creata
1572 2738 1660 2806 dixit,
1680 2750 1707 2794 ει
1724 2754 1840 2810 evauge-

1049 2834 1108 2889 listt
1124 2834 1239 2888 lcrlrutn
1257 2850 1305 2903 per
1317 2834 1390 2903 qtrod
1402 2831 1491 2887 omnia
1507 2830 1654 2887 lartaesse
1667 2833 1838 2888 metrrorarit.

1050 2927 1279 2994 dtuli.in·1rtatn.
1298 2925 1362 2994 quid
1383 2925 1441 2992 ipse
1461 2923 1496 2978 de
1516 2938 1545 2979 se
1558 2922 1678 2978 Verbum
1700 2923 1745 2978 lli-i
1769 2923 1841 2979 Deus

1051 3019 1241 3089 pronuntiarit.
1260 3028 1271 3056 ι
1289 3016 1387 3081 Neruo,
1404 3014 1504 3086 lnqttit,
1518 3015 1633 3070 atteritis
1647 3015 1672 3069 in
1688 3014 1777 3071 cetum
1792 3016 1842 3069 nisi

745 3155 873 3211 attunt
891 3154 1006 3212 GszAEt
1027 3154 1307 3213 contremuimus.
1366 3162 1369 3168 '

243 3260 259 3289 ι
276 3249 413 3318 Quantum
428 3250 462 3304 ad
479 3264 621 3316 personam
643 3249 762 3312 attinet,
787 3263 847 3316 ottae
872 3249 949 3303 unica
971 3251 1034 3311 ιιι]
1088 3249 1268 3304 thuaneum
1286 3248 1330 3303 hic
1356 3258 1501 3319 utrumqne
1522 3247 1656 3313 verbum,
1679 3247 1793 3301 ostendit
1814 3256 1843 3301 et

206 3321 346 3378 individua
360 3320 387 3374 in
403 3319 514 3376 Christo
537 3337 544 3378 :
569 3323 596 3375 in
620 3335 672 3391 orta
694 3319 808 3392 proinde
823 3319 894 3375 nulla
910 3330 998 3384 potest
1052 3321 1193 3383 descendit,
1206 3320 1334 3389 temporis
1348 3334 1409 3373 esse
1423 3319 1563 3386 tri-aterio,
1578 3333 1632 3372 nort
1647 3317 1800 3384 praesentis,
1814 3332 1842 3371 ιιι

207 3407 272 3447 esse
284 3392 423 3454 distarttia
436 3391 461 3445 id
473 3400 526 3454 cst.
539 3390 684 3461 sejunctio.
695 3400 724 3444 et
735 3391 872 3445 distinctio
883 3389 1000 3445 homins
1052 3408 1085 3447 ex
1095 3390 1195 3446 Grecis
1204 3400 1323 3457 constat,
1332 3391 1519 3451 dtedidotsret
1529 3388 1659 3450 recedite:
1668 3386 1842 3455 ttndeduplert

206 3461 304 3531 allen,
319 3477 367 3515 seu
381 3461 481 3516 l'erlro.
497 3461 570 3517 Uotis
584 3462 649 3515 errint
663 3473 701 3517 ειι
712 3458 830 3515 Christus
845 3477 896 3513 oon
910 3460 1001 3526 corisu-
1052 3462 1166 3529 etttcrgit
1181 3460 1344 3527 difficultas,
1359 3465 1442 3517 altera
1457 3461 1635 3523 dentosum,
1650 3459 1734 3513 altera
1749 3459 1783 3510 ιε
1796 3458 1843 3513 ιε-

207 3534 281 3587 sione
296 3532 455 3599 ruinartio,
471 3534 515 3586 teti
531 3533 627 3587 unitate
640 3546 768 3604 perrone,
785 3531 822 3586 ait
835 3530 866 3585 ll.
881 3530 1001 3589 Athana·
1051 3547 1166 3585 secuso:
1179 3532 1212 3586 de
1225 3546 1339 3586 ascensu
1351 3532 1477 3600 quidem,
1492 3531 1628 3602 utromodo
1641 3529 1747 3584 dicator
1760 3528 1842 3583 Filius

207 3606 277 3657 sitis.
1052 3602 1185 3667 lrurrtlttis,
1202 3603 1228 3657 td
1246 3611 1303 3666 εει,
1322 3601 1464 3665 Christus,
1481 3603 1536 3670 jem
1556 3608 1620 3655 ante
1638 3600 1841 3656 ascendissem

246 3673 260 3713 ὓ
279 3672 467 3728 lllrotebarttrrr
480 3673 573 3729 Ariani
589 3672 641 3728 lroe
661 3673 742 3739 loco,
759 3681 785 3728 et
797 3688 830 3729 ex
843 3686 876 3728 eo
891 3673 1002 3741 colligo·
1051 3673 1170 3739 attalum,
1190 3688 1251 3728 cunr
1272 3673 1331 3728 ltaec
1349 3671 1500 3729 Nicodcmo
1520 3673 1687 3741 loqueretur,
1708 3686 1768 3724 cum
1789 3687 1842 3725 non

208 3744 275 3799 brot
286 3744 384 3799 Filium
397 3761 451 3799 rton
465 3759 526 3798 esse
541 3759 634 3799 return
649 3747 742 3808 Deum,
755 3744 817 3812 qnia
832 3743 907 3798 solus
921 3743 1001 3798 Pater
1051 3757 1115 3799 atrro
1126 3744 1304 3813 qtratlragesirt
1317 3760 1361 3796 um
1373 3744 1443 3797 diem
1456 3758 1470 3795 a
1482 3758 1529 3796 stra
1542 3743 1740 3796 ttsrrtrectionc
1750 3755 1842 3795 ascen·

209 3814 255 3869 lrie
271 3830 354 3869 terris
368 3815 437 3868 [tirus
449 3815 612 3885 appellatur.
627 3815 728 3881 Quibus
743 3815 837 3870 Patres
848 3815 927 3868 variis
943 3831 1000 3868 mo·
1050 3815 1121 3868 derit
1136 3817 1162 3868 in
1178 3816 1275 3869 roelum
1288 3832 1294 3867 t
1309 3813 1343 3867 de
1354 3814 1485 3867 descensu
1502 3826 1577 3873 tero,
1590 3811 1726 3881 qttotrtodo
1737 3811 1842 3865 (licetur

143 3884 148 3890 ’
208 3886 253 3937 ιιι
267 3884 477 3951 responderunt.
504 3887 595 3940 Prirrro
612 3888 693 3940 terlio
712 3885 757 3941 illa
779 3902 786 3939 s
810 3883 895 3939 solnm
914 3902 1000 3940 terrun
1050 3885 1225 3941 descendisse
1240 3884 1274 3939 de
1288 3884 1376 3950 cocto,
1391 3883 1437 3952 otri
1452 3894 1481 3936 ut
1500 3882 1521 3936 Ι)
1539 3898 1573 3936 us
1586 3883 1676 3934 omniu
1697 3884 1799 3947 replet.
1814 3894 1843 3934 ct

209 3954 306 4015 utto.
322 3970 375 4008 norr
397 3957 522 4026 restringi
544 3955 577 4010 ad
598 3955 715 4023 Patrem,
731 3955 778 4010 scd
793 3956 902 4010 extendi
918 3957 999 4010 etium
1052 3966 1123 4011 totus
1142 3954 1240 4024 ubique
1258 3965 1320 4019 est;
1342 3964 1368 4007 et
1383 3968 1411 4008 ut
1431 3952 1530 4018 homo,
1551 3964 1614 4006 ante
1634 3952 1841 4020 conceptionem

205 4024 242 4076 ad
257 4023 356 4080 Filium
371 4026 645 4095 perconjunctionem
661 4027 850 4093 copulativam.
865 4026 1000 4081 cumsub·
1051 4042 1127 4081 snam
1143 4027 1168 4079 in
1189 4025 1259 4081 coelo
1281 4042 1335 4079 rron
1357 4024 1456 4079 licerit?
1477 4023 1542 4093 Qum
1566 4022 1740 4078 utititottats
1761 4023 1842 4076 aliter

209 4094 295 4160 ditur,
310 4095 343 4150 Et
365 4113 439 4166 prtem
454 4098 546 4151 misisti
558 4095 646 4151 lerum
667 4096 818 4151 Christum:
842 4096 913 4150 ltunc
926 4096 998 4150 enim
1051 4098 1119 4151 solvi
1137 4112 1190 4150 non
1207 4107 1336 4165 possunt.
1353 4096 1404 4149 nisi
1426 4095 1557 4148 latcatrror
1576 4094 1702 4148 etrtntlem
1716 4106 1777 4148 esse
1798 4091 1843 4145 Fi·

209 4178 271 4219 esse
284 4167 406 4221 ordinem
421 4169 565 4222 vorborum
578 4183 586 4220 z
601 4167 659 4222 lrrec
672 4176 714 4222 est
726 4170 779 4222 tha
792 4178 904 4231 aeterna,
918 4179 946 4221 ut
962 4177 999 4231 ιε,
1051 4167 1116 4223 lium
1131 4167 1264 4230 hominis.
1281 4177 1308 4221 et
1321 4166 1419 4222 Filium
1433 4165 1479 4219 lici
1493 4184 1499 4220 t
1515 4167 1558 4231 otti
1573 4164 1672 4219 mehor
1684 4163 1810 4218 ascendis
1825 4179 1841 4217 e

209 4246 237 4287 et
252 4251 331 4306 qoem
347 4237 443 4291 misisti
456 4279 464 4302 ,
487 4238 579 4293 iesum
594 4239 730 4293 Cirritturn
745 4249 891 4307 agtroscent
905 4253 998 4293 terum
1050 4238 1078 4293 in
1095 4241 1213 4303 coelum,
1236 4248 1378 4306 atttetpnam
1400 4241 1458 4291 trac
1478 4236 1644 4306 loqueretur,
1660 4237 1724 4305 quia
1739 4249 1788 4304 per
1802 4237 1842 4289 irr-

208 4306 306 4371 Ilcutp'r.
324 4306 362 4362 lta
375 4308 587 4380 chrysostomus
601 4318 628 4363 et
639 4309 757 4378 Cprillrrs
772 4309 797 4362 in
814 4323 874 4364 emo
898 4307 997 4363 loortrn.
1050 4309 1237 4365 castrationem
1255 4320 1281 4362 et
1295 4311 1424 4362 unionem
1446 4306 1645 4378 hypostaticam
1667 4309 1766 4359 iactum
1782 4314 1840 4367 est,

210 4375 330 4431 taetrior
342 4388 384 4432 est
397 4380 545 4447 responsio,
559 4377 999 4448 persolumnonercludiFilium,
1051 4392 1081 4434 ut
1103 4381 1183 4434 ltomo
1205 4380 1250 4433 ille
1268 4378 1391 4433 Christus
1409 4378 1537 4445 inciperet
1557 4390 1617 4429 csse
1642 4375 1668 4428 in
1690 4376 1773 4439 creto,
1794 4377 1839 4428 uhi

207 4452 258 4500 aut
278 4447 407 4515 Spiritum
431 4463 573 4514 sanetum,
596 4451 640 4518 qui
656 4460 716 4504 suot
732 4464 855 4518 personat
877 4449 999 4517 ejusdem
1050 4460 1114 4505 ante
1128 4450 1332 4517 conceptionem
1349 4462 1423 4502 stram
1440 4460 1493 4500 non
1508 4454 1576 4500 erat.
1598 4444 1655 4500 line
1669 4446 1742 4499 enirn
1757 4445 1841 4509 exigit

207 4526 317 4571 naturas
330 4533 392 4571 cnm
411 4518 511 4584 Putre:
537 4519 584 4574 sed
599 4521 704 4575 excludi
726 4522 911 4575 tantummodo
924 4520 998 4587 idola
1051 4521 1098 4575 illa
1119 4521 1279 4575 idiomatum
1304 4518 1531 4580 communicatio,
1552 4523 1580 4572 et
1604 4528 1696 4569 mutua
1716 4518 1839 4578 trahitant

207 4597 237 4642 ει
255 4599 407 4651 creaturas,
429 4604 491 4659 quaa
510 4605 562 4645 rron
581 4602 644 4644 strttt
660 4591 717 4645 teti
737 4593 785 4646 dii.
807 4591 884 4659 Quod
908 4601 997 4649 autern
1051 4593 1212 4656 alternatio.
1226 4601 1255 4645 ct
1268 4590 1387 4657 touutnrr
1402 4590 1584 4644 comacinas
1598 4584 1668 4657 (tri.
1680 4600 1713 4643 ιιι
1722 4601 1745 4640 c.
1758 4584 1776 4640 l
1790 4585 1839 4638 tit·

207 4656 329 4724 additur,
345 4669 369 4712 et
382 4674 457 4725 quem
471 4662 561 4715 irrisisti
573 4659 661 4715 iesum
677 4659 821 4722 Clerirtum.
844 4660 878 4716 tle
891 4660 999 4715 Christo
1052 4660 1123 4715 tired.
1137 4662 1215 4731 ιιι,
1232 4677 1292 4729 oute
1306 4675 1341 4715 ex
1356 4658 1398 4714 illt
1415 4660 1514 4713 unione
1530 4657 1696 4730 hypostatica
1713 4656 1836 4722 resultat,

205 4729 324 4794 dictum,
339 4737 370 4783 ut
390 4730 507 4796 homine,
529 4740 558 4784 ut
574 4732 618 4785 hie
632 4731 669 4786 sit
682 4747 792 4788 sensus:
805 4732 867 4786 llaec
888 4742 928 4786 est
945 4734 998 4785 vita
1052 4740 1081 4785 trt
1094 4732 1195 4786 dietum
1210 4740 1262 4785 ost.
1279 4732 1347 4798 Quia
1361 4728 1443 4800 igitur
1458 4728 1539 4784 homo
1553 4729 1598 4784 illo
1613 4726 1746 4790 Christus,
1761 4738 1840 4781 ante·

207 4805 331 4866 aeterne,
353 4800 380 4853 id
395 4808 457 4867 εει,
479 4803 522 4854 ria
544 4811 572 4855 et
593 4802 662 4854 ratio
678 4803 847 4868 perterriendi
868 4801 901 4854 nd
916 4802 998 4857 sltem
1050 4818 1133 4872 qttam
1148 4803 1349 4871 conciperetur,
1369 4803 1395 4854 irr
1414 4800 1485 4856 cotto
1500 4816 1553 4855 ntro
1569 4811 1644 4864 erat;
1659 4808 1686 4852 ct
1702 4807 1762 4868 post
1774 4813 1840 4852 cuu-

207 4879 351 4934 eternam,
363 4870 557 4935 sieognoscent
572 4871 695 4927 homines
706 4889 752 4939 pret
762 4872 841 4928 dileto
856 4883 881 4927 te
892 4872 997 4928 Patrem
1051 4875 1203 4943 reptionem
1220 4881 1330 4942 propter
1343 4871 1540 4944 hypostaticam
1557 4870 1702 4936 unionem,
1723 4871 1748 4922 io
1767 4868 1839 4923 coto

208 4938 298 4999 polum
313 4955 406 4995 rerum
427 4941 531 5006 Deum,
548 4943 650 5007 idest,
673 4958 769 5011 prmter
788 4959 867 5012 quom
883 4958 936 4997 non
957 4955 1000 4997 est
1051 4944 1117 5011 luit,
1134 4944 1160 4998 itt
1179 4944 1277 4999 coelrrtn
1289 4938 1390 4997 ‘dicitnr
1404 4941 1561 4997 ascendisse
1573 4940 1659 5007 portia
1679 4941 1701 4995 si
1721 4939 1838 4992 htrntano

207 5010 278 5064 alius
303 5025 384 5065 retus
409 5012 500 5077 Detrs;
526 5024 553 5067 et
579 5025 708 5082 proterea
733 5023 895 5083 cognoscant
916 5012 998 5068 erton
1052 5030 1127 5069 more
1142 5014 1292 5083 toqttamur.
1308 5013 1379 5083 quud
1396 5014 1470 5074 rrius
1485 5010 1679 5075 intermittit,
1696 5008 1838 5063 tetrioeto

207 5095 293 5133 tinum
313 5081 487 5137 llediatorern
510 5084 554 5137 hei
570 5092 597 5137 et
618 5085 775 5148 hourioutn,
798 5100 876 5153 onom
899 5084 1005 5151 ntisisti⁴
1050 5087 1120 5140 coelo
1139 5100 1199 5139 esse
1221 5087 1314 5153 coepit,
1331 5081 1621 5141 ineoelutnascertdisse
1636 5080 1744 5134 dicitur.
1759 5079 1780 5133 ll
1795 5080 1839 5134 di-

206 5149 302 5204 lesum
317 5150 466 5206 Christum.
490 5152 535 5209 Sic
550 5155 668 5209 lliltrirts
683 5156 730 5208 hh.
752 5171 777 5209 tr
800 5156 834 5210 ιε
854 5154 996 5208 Tritritato.
1049 5172 1128 5209 serso
1146 5166 1236 5209 autem
1251 5156 1286 5210 de
1310 5155 1380 5209 coelo
1394 5156 1569 5208 descendisse
1592 5152 1701 5211 dieitur.
1716 5151 1777 5214 nula
1792 5153 1838 5220 qui

206 5221 342 5289 Supponit
358 5235 447 5277 autern
464 5223 522 5278 ltaec
538 5226 679 5291 responsio
701 5226 746 5288 ht,
771 5225 842 5295 qood
857 5234 898 5279 ost
912 5226 998 5278 teris·
1051 5226 1125 5293 prius
1144 5227 1169 5279 in
1193 5227 1264 5281 toelo
1288 5235 1361 5285 erat.
1384 5226 1410 5280 irr
1434 5234 1505 5278 terra
1525 5230 1615 5276 mrtem
1635 5221 1741 5275 tametsi
1761 5232 1839 5287 erat,

205 5292 317 5357 simunt,
335 5294 590 5361 particularitatem
606 5311 657 5348 non
679 5310 739 5351 esse
755 5296 927 5365 subjectum,
950 5295 997 5348 sed
1050 5303 1140 5351 tumeo
1155 5310 1207 5351 non
1221 5296 1373 5360 tidetntur,
1388 5307 1494 5363 sompra
1513 5296 1631 5346 hutrtana
1647 5302 1740 5344 tratura
1755 5296 1840 5351 rostris

206 5364 378 5428 attributum,
391 5367 480 5429 reiut
489 5364 621 5421 tittecrhi
634 5366 642 5419 l
654 5378 850 5435 ¹qtrorrtur‚otrrr
862 5380 892 5419 se
906 5375 999 5421 tenera
1051 5377 1164 5433 repente
1184 5369 1209 5421 in
1232 5368 1313 5421 terris
1328 5367 1433 5428 sideri,
1449 5363 1561 5432 periodo
1575 5376 1606 5415 ιι
1620 5363 1642 5416 si
1658 5362 1691 5415 tie
1705 5362 1775 5418 t‘eslo
1789 5366 1840 5414 tle·

206 5446 242 5486 ex
256 5446 334 5500 parte
344 5434 469 5504 suhjieti,
482 5434 528 5489 sctl
543 5436 697 5504 praedicati:
714 5439 850 5503 sett‚ttttod
865 5437 933 5490 idem
945 5448 998 5499 εει,
1051 5439 1211 5491 seeottisset.
1229 5438 1318 5506 haooe
1333 5437 1392 5503 ejus
1414 5436 1557 5489 descensio
1577 5443 1604 5486 ει
1623 5434 1748 5487 ascensio
1772 5432 1840 5489 nihil

206 5517 262 5556 ntro
278 5505 374 5559 reterri
390 5506 423 5558 ad
438 5506 555 5571 Petreio,
571 5508 618 5561 sed
633 5508 664 5560 ad
679 5507 772 5561 Deum.
789 5508 846 5560 Non
862 5507 935 5562 eninr
956 5518 998 5560 cst
1050 5508 1120 5560 alind
1136 5524 1215 5577 quam
1230 5508 1397 5571 incarnatio,
1413 5521 1464 5575 qua
1480 5504 1563 5557 l'ihus
1578 5503 1623 5558 het
1640 5503 1727 5557 luctus
1742 5513 1782 5559 est
1798 5504 1818 5558 F
1820 5523 1840 5558 r·

205 5586 327 5628 reusus:
344 5583 373 5630 ut
385 5588 548 5641 cognoscant
563 5590 589 5631 tc
602 5578 720 5638 Patrem,
736 5578 781 5646 otri
794 5579 866 5634 solus
878 5593 906 5630 es
917 5592 997 5633 retus
1051 5579 1102 5631 lius
1118 5579 1248 5643 honritris,
1266 5584 1294 5633 el
1307 5579 1346 5631 tic
1362 5593 1408 5644 per
1429 5574 1701 5630 constituitis-ationem
1722 5573 1840 5630 idioma-

206 5642 280 5699 heus
297 5660 304 5699 τ
319 5647 385 5711 εει,
401 5654 431 5701 ut
444 5658 609 5713 cogrtosoaot
624 5661 663 5706 te.
680 5651 724 5716 nui
747 5664 776 5704 es
797 5652 840 5702 ille
857 5649 937 5709 [leus.
952 5647 996 5711 orti
1051 5657 1106 5702 tum
1123 5648 1205 5702 Filius
1222 5647 1339 5703 hominis
1353 5646 1474 5701 ascendit
1488 5646 1515 5697 io
1528 5644 1642 5710 totto,
1656 5654 1684 5699 et
1697 5645 1840 5701 deseendit

204 5714 282 5769 solus
295 5728 336 5771 est
357 5732 438 5772 tetus
458 5717 548 5782 herrm
570 5719 640 5786 orror
655 5719 680 5773 in
702 5719 795 5776 Gru-co
812 5727 885 5773 textu
899 5719 997 5773 clarius
1050 5722 1084 5772 tte
1103 5720 1183 5773 croto.
1206 5719 1333 5773 hscetrtiit
1359 5730 1407 5787 per
1429 5716 1622 5772 exaltationem
1643 5716 1838 5772 humanitatis:

202 5786 369 5858 exprimitur
381 5805 388 5843 r
401 5788 443 5844 ha
453 5790 613 5864 γιγνώσκωσι
623 5810 652 5847 σι
664 5792 706 5846 τὸν
716 5792 789 5862 perir
803 5791 913 5848 tiarati-2
923 5788 995 5847 erit.
1050 5780 1188 5847 descendit
1204 5804 1252 5864 per
1264 5789 1479 5845 lrutrrilittiottem
1493 5787 1663 5844 diuinitatis:
1679 5789 1741 5856 quia
1757 5786 1839 5843 tritor
