4009 6184
204 315 253 374 119

542 342 545 349 ⁴
612 310 720 370 ENST.
744 311 962 368 liticinum
983 311 1029 366 hb
1048 309 1285 367 COELESTlNUN
1306 311 1430 369 ntulit.

1789 318 1842 376 ῖθθ

201 442 309 496 semper
322 424 472 480 constantia
496 434 683 491 serraverunt,
698 434 725 478 et
738 424 818 478 uirbis
837 425 911 480 virtut
933 438 995 494 pre·
1009 426 1031 485 A
1047 425 1170 499 πατέρες,
1187 425 1331 498 παρέδοσαν
1344 447 1371 483 τε
1392 430 1450 497 ἡμῖν
1465 431 1499 491 ὡς
1513 431 1652 503 πολύτιμον
1667 438 1837 511 μαργαρίτην,

202 525 297 571 ιιιιειιιη
314 517 487 581 margaritam
504 515 683 572 tradiderunt.
708 516 782 571 lilius
802 524 893 571 autern
908 516 995 570 burni-

202 611 263 674 l'us,
277 618 290 645 ³
303 622 371 679 quas
390 610 417 661 in
440 607 554 663 ecelesia
570 616 597 662 et
612 607 765 678 frequenter
781 607 883 676 babuit,
900 616 928 663 ct
946 608 994 662 lia·

201 706 266 758 bore
287 717 341 756 nnn
355 709 456 766 cessat,
472 709 607 770 umquam
632 701 743 756 erideus
764 700 897 756 doctrinae
921 699 995 754 illius

201 801 403 862 argumentum,
418 791 451 845 ad
467 790 591 860 pietatem
614 801 686 846 tuam
703 790 774 845 misi.
796 790 860 845 Alibi
874 789 993 861 quidem,

201 884 299 947 lateor,
314 885 340 937 in
356 883 447 938 arrimn
459 883 553 937 luisset
567 883 703 955 synodicis
716 883 791 938 ilium
812 884 908 938 litteris
919 898 994 939 conr-

203 977 384 1040 ruouelacere,
393 990 508 1031 nuscum
519 989 553 1031 eo
561 974 606 1046 qui
616 976 677 1031 talia
687 975 759 1031 dieat
770 990 802 1031 ae
814 975 912 1031 sentiat
920 990 996 1030 conr·

202 1069 342 1123 manicare
358 1084 410 1122 non
423 1081 502 1137 posse
514 1084 521 1122 ε
532 1066 580 1123 sed
595 1066 648 1122 boc
660 1084 715 1123 nou
735 1067 795 1122 leci.
808 1067 993 1122 baalsamen

202 1161 286 1229 lapsis
301 1175 410 1215 manum
419 1158 620 1230 porrigendam,
633 1167 837 1229 prostratosque
852 1169 880 1213 ut
897 1158 994 1214 tratres

201 1255 347 1326 erigendos
357 1269 432 1320 esse;
444 1254 519 1309 illurn
531 1268 580 1324 per
588 1252 693 1309 litteras
703 1252 885 1310 berthortatus
895 1266 953 1307 sum
965 1261 995 1307 ut

202 1362 310 1419 aprara
322 1346 475 1417 hujusmodi
487 1347 611 1403 doctrina
619 1345 786 1402 abscederet.
794 1345 847 1400 Sed
855 1344 921 1400 nihil
932 1359 995 1414 pro-

204 1438 350 1494 movimus.
368 1436 452 1492 lmmo
466 1437 510 1492 uhi
522 1436 616 1492 didicit
635 1446 737 1491 tautum
748 1435 844 1492 abesse
855 1447 884 1490 ut
898 1436 993 1490 eadem

201 1533 397 1596 sentiamus,nt
408 1545 470 1587 eum
484 1530 564 1586 etiarn
578 1529 768 1601 objurgemus,
783 1538 811 1585 ct
825 1530 908 1584 asnis
920 1543 995 1585 com·

200 1624 302 1679 mentis
316 1622 382 1694 (non
397 1622 470 1677 enim
484 1623 612 1692 dogmata
626 1619 753 1691 dixerim)
768 1618 889 1676 discedat
901 1620 994 1674 admo·

200 1730 331 1780 neamus;
345 1715 445 1770 nnllam
466 1714 655 1771 struendarum
667 1712 824 1769 insidiarum
847 1714 918 1767 riam
939 1726 993 1767 non

1047 517 1093 569 Καὶ
1105 517 1153 575 τᾶς
1168 516 1212 579 μὲν
1225 514 1340 585 ὁμιλίας,
1355 516 1385 578 ἃς
1400 519 1440 574 ἐπ’
1451 521 1584 584 ἐκκλησίας
1598 522 1691 598 εἴρηκε,
1707 530 1839 582 καὶτοῦτο

1046 606 1205 670 πλειστάκις,
1218 611 1259 662 καλ
1272 610 1349 682 λόγων
1362 612 1390 664 οὐ
1397 612 1520 675 παύεται,
1534 616 1655 689 πέπομφα
1667 625 1699 691 τῇ
1712 620 1840 694 σῇθεοσε·

1048 699 1115 774 θείᾳ,
1131 700 1166 759 ὡς
1178 697 1275 759 εἴδησιν
1289 703 1392 777 ἁκριόνῖ.
1415 709 1478 777 Ἐγὼ
1496 704 1523 760 δὲ
1538 706 1669 780 όμολογῷ,
1680 713 1761 764 καίτοι
1775 712 1839 782 βου·

1044 791 1128 853 ληθεός
1149 792 1274 867 συνοδικῷ
1295 797 1427 871 γράμματι
1445 801 1549 872 φανερόν
1570 802 1639 875 αὐτῷ
1658 812 1837 873 καταστῆσαι,

1046 880 1086 938 ὅτι
1098 891 1183 940 ταῦτα
1195 886 1294 961 λέγοντι
1312 891 1355 942 καῖ
1366 895 1496 962 φρονοῦντι
1516 901 1641 947 κοινωνεῖν
1655 897 1684 949 οδ
1696 894 1837 968 δυνάμεθα·

1045 978 1123 1028 τοῦτο
1141 977 1186 1045 μὲν
1208 977 1237 1029 οὐ
1260 979 1397 1035 πεποίηκα
1416 980 1637 1052 inpraeparati,
1653 983 1694 1041 ότι
1711 992 1766 1062 χρὴ
1785 996 1839 1049 τοῖς

1046 1063 1196 1124 ὄλεσθήσασι
1220 1076 1298 1143 χεῖρα
1321 1067 1484 1135 &decumani
1507 1076 1542 1135 ὡς
1564 1073 1687 1148 ἀδελφοὺς
1710 1080 1839 1143 πεσόντας

1045 1158 1155 1234 ῖγεῖραι,
1178 1164 1313 1236 παρῄνεσα
1339 1160 1382 1219 διὰ
1403 1147 1575 1240 γραμμάτων,
1601 1154 1770 1242 ἀποσχέσθαι
1793 1185 1838 1236 τῆς

1045 1251 1165 1312 τοιαύτης
1186 1250 1345 1317 κακοδοξίας.
1359 1255 1421 1307 Ἀλλ’
1437 1259 1571 1330 ὡνήσαμεν
1590 1258 1673 1315 οὐδὲν.
1697 1261 1796 1323 Ἐπειδὴ
1811 1262 1838 1318 δὲ

1046 1346 1195 1416 μεμάθηκεν,
1207 1342 1246 1400 ότι
1261 1352 1384 1402 τοσοῦτον
1399 1349 1577 1423 ιἰφεστιόκιμτν
1592 1360 1637 1408 τοῦ
1653 1358 1686 1408 τὰ
1699 1356 1767 1410 αὐτὰ
1779 1377 1837 1427 φρο-

1045 1444 1109 1501 νεῖν,
1126 1439 1160 1496 ὡς
1175 1438 1218 1491 καί
1231 1438 1394 1496 όπιπληττειυ
1412 1442 1490 1495 αὐτόν
1509 1451 1665 1512 μεταστῆναι
1678 1452 1727 1500 τῶν
1742 1450 1839 1504 οἰκείων

1046 1527 1211 1602 εὑρημάτων,
1227 1530 1256 1582 οὐ
1271 1531 1320 1605 γὰρ
1335 1524 1366 1585 όιν
1379 1529 1476 1603 εἴποιμι
1488 1531 1632 1607 δογμάτων,
1646 1538 1730 1594 πάντα
1744 1538 1837 1613 τρόπον

1046 1618 1181 1681 θπιθουλῆς
1195 1623 1316 1687 κεκίνηκε,
1338 1625 1381 1676 καὶ
1402 1625 1438 1682 εἰς
1463 1623 1504 1678 ἔτι
1526 1626 1640 1681 σαλεύων
1663 1630 1693 1682 οὐ
1715 1631 1836 1686 παύεται.

1044 1705 1105 1763 'Ort
1120 1708 1146 1765 δὲ
1160 1709 1354 1785 προσεδοκῶμεν
1368 1713 1442 1767 αὐτόν
1456 1715 1652 1789 θεραπεύεσθαι,
1666 1722 1709 1774 καλ
1719 1721 1839 1791 ἀποσχό-

201 1810 327 1873 lenlatll,
338 1818 366 1864 el
375 1808 426 1864 huc
438 1822 523 1879 llsqtle
534 1816 638 1864 tentare
650 1822 705 1863 noll
716 1816 815 1864 cessat.
823 1808 890 1864 [λ11111
904 1816 994 1861 aulem
1012 1800 1033 1859 Β
1047 1807 1106 1860 σθαι
1118 1810 1169 1859 τῶν
1180 1806 1244 1859 κατὰ
1258 1813 1369 1881 Χριστοῦ
1385 1805 1534 1880 δογμίτων.
1549 1807 1659 1886 ε”γνωμευ
1676 1810 1715 1867 ότι
1728 1810 1837 1888 διημαρ-

198 1901 424 1971 exspectabamus
438 1901 525 1955 donce
539 1899 720 1969 resipisceret,
733 1898 803 1956 etab
815 1899 848 1954 iis
858 1913 918 1968 quae
930 1914 994 1953 con·

200 2002 242 2047 tra
258 1992 396 2048 Christum
410 1991 540 2048 docuerat
550 1992 710 2061 abstineret,
726 1991 777 2048 bae
790 2007 840 2048 nos
850 2006 899 2061 spe
914 1991 995 2048 lalsos

200 2100 264 2141 esse
276 2087 470 2157 comperimus,
484 2101 545 2141 cum
560 2086 615 2142 tale
628 2087 692 2157 quid
706 2089 875 2159 contigisset.

236 2177 264 2232 5.
284 2176 350 2233 crat
362 2177 595 2250 Constantinopoli
619 2179 764 2250 episeopus
780 2190 792 2218 ε
811 2181 920 2236 nomine
944 2179 995 2236 llo·

199 2271 325 2338 rothaus,
341 2272 435 2327 eadem
450 2288 510 2343 quac
522 2272 567 2327 ille
582 2273 713 2342 sentiens,
729 2273 771 2328 nir
781 2281 899 2343 quaestus
914 2286 993 2328 causa

200 2363 351 2419 adulationi
365 2362 481 2433 dethtus,
498 2364 642 2435 linguaque
659 2366 691 2420 ad
707 2365 884 2421 temeritatem
898 2379 993 2435 usque,

200 2457 273 2513 sicat
284 2458 412 2529 scriptum
426 2467 479 2525 cst,
491 2466 641 2528 promptus.
652 2458 677 2513 ls
689 2459 715 2514 in
730 2457 837 2528 publico
845 2467 993 2524 consentu,

199 2549 428 2611 reverendissimo
441 2549 566 2605 Nestorlo
581 2549 607 2604 iu
623 2548 751 2606 cathedra
766 2548 993 2619 constantinopo-

200 2640 293 2695 litanae
308 2641 431 2697 ecclesia
446 2640 566 2707 sedente,
584 2655 698 2712 surgens
717 2654 812 2710 magna
830 2654 899 2697 soce
912 2639 996 2695 incla-

202 2750 277 2790 mare
295 2750 377 2791 ansus
401 2744 461 2790 est:
485 2734 515 2792 Si
527 2736 589 2806 quis
601 2734 712 2789 blaciam
727 2733 869 2803 Deiparam
882 2732 994 2797 dixerit,

202 2828 346 2882 anatliema
361 2826 406 2882 sit.
421 2825 488 2882 'luni
505 2826 600 2897 ingens
612 2826 730 2881 universi
743 2824 836 2895 populi
847 2824 950 2880 elamor
967 2833 995 2879 et

205 2919 337 2975 discessio
358 2928 503 2974 consecuta
529 2928 582 2976 est.
617 2916 753 2973 Nolebant
776 2915 849 2972 enim
873 2930 935 2971 cum
961 2914 995 2969 iis

204 3013 321 3082 amplius
335 3013 550 3067 communionem
566 3009 674 3074 habere,
694 3009 817 3080 quitatio
840 3008 993 3071 sentireu13

202 3106 271 3161 adeo
282 3106 467 3161 utetiamnuru
486 3103 563 3173 plebs
576 3101 886 3172 Constantinopolitano,
901 3099 994 3169 paucis

1045 1902 1157 1969 τηκαμεν
1169 1905 1215 1959 τῆς
1225 1897 1335 1963 ἐλπίδος,
1349 1902 1466 1956 τοιούτου
1480 1902 1548 1965 τινός
1562 1904 1703 1978 γεγονότος.

1079 2184 1124 2240 'tls
1133 2187 1160 2240 la
1169 2184 1428 2242 εωνσταντινουπολει
1438 2189 1576 2251 ῖπίσκοπος
1586 2190 1690 2264 ὀνόματι
1701 2194 1836 2270 Δωρόθεος,

1045 2279 1078 2333 τὰ
1090 2279 1154 2333 αὐτὰ
1172 2286 1268 2352 φρονῶν
1286 2281 1373 2349 αὐτῷ,
1389 2282 1453 2355 ἀνὴρ
1472 2283 1621 2356 χρειοκόλαξ
1643 2288 1687 2340 καὶ
1707 2294 1837 2363 προπετὴς

1046 2369 1157 2440 χείλεσι,
1171 2371 1254 2431 καθὼς
1261 2372 1415 2444 γέγραπται·
1427 2369 1454 2434 tc
1467 2374 1493 2427 δν
1508 2374 1611 2438 συνάξει
1621 2378 1783 2450 καθεζομένου
1794 2377 1839 2435 ε’πῖ

1045 2464 1092 2513 τοῦ
1106 2460 1192 2534 θρόνον
1209 2468 1255 2521 τῆς
1269 2458 1418 2522 Ἐκκλητόας
1432 2468 1477 2517 τοῦ
1496 2471 1543 2525 τῆς
1556 2468 1839 2530 ιωνσταντινουπόλεως

1045 2552 1232 2608 εθλαθιστὰτου
1251 2556 1404 2629 Νεστορῖου,
1419 2556 1533 2618 ἀναστὰς
1547 2556 1644 2630 μεγάλῃ
1660 2567 1692 2635 τῇ
1710 2569 1778 2637 φωνῇ
1795 2582 1839 2617 τε·

1044 2644 1166 2717 τόλμηκεν
1181 2647 1271 2700 εἰπεῖν·
1288 2643 1363 2708 εἴτις
1377 2642 1498 2703 Θεοτόκον
1511 2643 1572 2704 εἶναι
1587 2650 1653 2724 λέγει
1664 2658 1709 2712 τόν
1724 2656 1837 2726 Μαρίαν,

1045 2733 1121 2797 οὗτος
1132 2737 1244 2810 ἀνάθεμα
1254 2735 1335 2792 ἴστω.
1350 2741 1396 2793 rol
1404 2739 1489 2811 γε’γονι
1501 2741 1547 2809 μὲν
1556 2747 1653 2815 κραυγελ
1662 2744 1756 2818 μεγάλη
1767 2750 1839 2820 παρὰ

1045 2826 1139 2888 παντὸς
1153 2833 1200 2881 τοῦ
1212 2827 1287 2889 λαοῦ,
1301 2830 1341 2881 καῖ
1356 2826 1462 2904 θκδρομιό
1488 2831 1524 2884 Οὐ
1538 2831 1588 2905 γάρ
1601 2832 1686 2890 italos
1699 2832 1737 2889 ε”τι
1750 2857 1838 2892 κοινω-

1045 2922 1096 2970 νεῖν
1111 2917 1200 2977 αθτοῖς
1218 2923 1326 2973 τοιαῦτα
1341 2925 1484 2993 φρονοῦσιν.
1505 2917 1586 2976 'storo
1604 2926 1646 2977 ani
1664 2930 1708 2979 νῦν
1726 2926 1835 2980 riunena·

1046 3005 1220 3085 οἰκτουςμῖναε
1234 3015 1293 3071 τοὺς
1305 3010 1382 3072 λαοὺς
1396 3019 1441 3073 τῆς
1457 3018 1754 3081 εωνσταντινονπόλιως,
1774 3021 1838 3079 πλὴν

1048 3098 1136 3171 όλὶγων
1150 3101 1330 3177 ἐλαφροτέρων,
1339 3106 1383 3158 καὶ
1396 3111 1446 3159 τῶν
1461 3105 1644 3161 κολακευόντων
1658 3109 1741 3163 alnou.
1759 3113 1796 3165 Τὰ
1808 3110 1836 3166 ii

203 3198 351 3254 levioribus
364 3206 391 3253 el
403 3197 448 3267 qui
462 3196 500 3251 illi
515 3194 657 3252 adulantur
676 3194 806 3263 excrpliS,
821 3192 917 3265 synaxi
932 3193 993 3248 ahs·
1008 3169 1031 3229 C
1045 3193 1204 3268 μονασεοόρια
1215 3192 1312 3265 σχεδόν
1322 3192 1422 3249 ἅπαντα
1432 3196 1505 3250 καὶοῖ
1515 3198 1612 3252 τούτων
1625 3199 1838 3277 ἀρχιμανδρῖται,

203 3291 304 3355 tinent,
327 3290 374 3344 scd
402 3302 489 3358 neque
511 3302 544 3343 co
562 3289 725 3342 conueniunt
743 3286 905 3342 monasteria
925 3301 994 3357 pene

203 3382 293 3437 omnia
304 3395 449 3451 eorumque
462 3379 680 3435 archimandritae
693 3391 720 3435 et
735 3390 890 3435 senatorum
903 3379 993 3443 multi,

203 3484 328 3529 recentes
343 3489 388 3529 uo
400 3472 507 3543 aliquod
522 3473 548 3526 in
564 3472 617 3527 llde
631 3472 824 3527 detrimentum
849 3470 993 3539 accipiant,

202 3578 265 3620 cnm
280 3572 308 3619 et
321 3563 373 3627 ille,
389 3562 446 3619 etii
459 3577 555 3618 omnes
566 3559 580 3599 ‘¹
592 3578 659 3634 quos
672 3578 764 3618 secum
777 3562 921 3618 Antiochia
936 3561 994 3617 dis·

204 3655 305 3712 cedens
319 3654 440 3721 adduxit,
454 3670 582 3724 perversa
597 3654 753 3723 praedicent.

240 3746 267 3800 1.
282 3746 347 3802 cum
360 3754 449 3803 autern
462 3747 581 3803 homiliis
595 3748 655 3817 ejus
668 3748 693 3803 in
710 3747 856 3819 AEpyptum
873 3748 994 3819 perlatis,

206 3836 461 3910 levioresquosdam
471 3838 497 3893 iu
508 3839 775 3905 erroremabductos,
784 3847 995 3909 cunctantesque

204 3938 315 3987 rectene
338 3930 495 4001 loqueretur
517 3945 551 3986 an
579 3939 685 3987 erraret
709 3930 822 3985 inbicem
850 3912 995 3999 quaeritare

203 4021 373 4088 didicissem3
388 4022 490 4077 neritus
505 4037 539 4078 ne
552 4019 639 4076 morbi
654 4023 806 4090 contagium
821 4022 930 4076 altiores
950 4035 994 4075 ra-

203 4112 279 4168 dices
292 4112 319 4166 in
333 4111 527 4181 simpliciorum
551 4111 687 4167 utentibus
700 4119 803 4180 ageret,
829 4110 862 4165 ad
882 4109 993 4180 AEgypti

204 4204 367 4260 monasteria
380 4203 534 4274 generalem
549 4203 716 4273 epistolatus
730 4203 835 4273 scripsi,
853 4212 882 4256 ut
899 4217 992 4259 eorum

204 4296 352 4352 monachos
366 4297 392 4350 iu
408 4306 480 4351 reeta
495 4295 547 4352 lide
563 4296 763 4353 confirmarem.
783 4294 867 4365 cnjus
881 4296 992 4366 quidem

203 4387 328 4458 epistolae
342 4387 464 4457 exempla
477 4389 739 4459 Constantinopolim
761 4404 776 4442 a
794 4389 930 4445 nonnullis
945 4390 992 4445 tle·

1045 3290 1090 3341 καλ
1102 3295 1149 3348 τῆς
1167 3287 1311 3359 συγκλήτου
1331 3288 1418 3341 πολλοὶ
1436 3289 1465 3341 οὐ
1484 3290 1656 3361 συνάγονται,
1673 3290 1780 3356 δεδιότες
1804 3301 1839 3364 μή

1046 3376 1197 3437 ἀδικηθῶσιν
1207 3380 1242 3439 εἰς
1256 3381 1355 3444 πίστιν,
1367 3380 1445 3432 αὐτοῦ
1459 3384 1562 3435 καὶτῶν
1576 3383 1625 3436 σὺν
1639 3384 1718 3456 αὐτῷ,
1732 3383 1775 3445 οὓς
1788 3387 1840 3441 ἀπὸ

1046 3480 1093 3534 τῆς
1108 3471 1265 3542 ’Δυτιοχεῖας
1279 3471 1420 3526 ἀναθαίνων
1435 3471 1523 3545 ἤγαγε,
1541 3473 1642 3527 πάντων
1656 3475 1794 3532 λαλοῦντων
1807 3480 1840 3535 τὰ

1047 3563 1246 3641 διεστραμμένα,

1087 3740 1181 3802 Επειδὴ
1196 3740 1223 3797 δό
1236 3750 1286 3796 τῶν
1299 3740 1400 3813 όμιλιῶν
1421 3742 1498 3801 αὐτοῦ
1515 3741 1665 3811 ἓνεχθεισῶν
1684 3742 1720 3801 εἰς
1735 3747 1781 3801 τήν
1796 3741 1839 3797 Αἴ-

1046 3854 1153 3909 γυπτον,
1169 3831 1264 3906 ἔμαθον
1283 3830 1322 3887 ότι
1342 3830 1504 3905 ε’λαφρότεροί
1521 3850 1586 3890 τινες
1607 3832 1838 3902 συνηρπάσθησαν,

1046 3929 1089 3981 καῖ
1108 3924 1195 3980 λοιπόν
1209 3920 1377 3986 ῖνδοιόιζοντες
1401 3921 1465 3995 πρὸς
1490 3919 1611 3980 ἀλλήλους
1631 3918 1748 3993 ἔφασκον·
1769 3919 1839 3996 'Ape

1046 4016 1127 4092 ὀρθῶς
1139 4016 1219 4087 λέγει;
1235 4007 1288 4085 ἆρα
1305 4012 1444 4076 inuium
1460 4009 1578 4072 δεδοικὼς
1593 4015 1628 4085 μό
1646 4013 1737 4090 ρἰζωθξν
1748 4015 1781 4069 τὰ
1793 4022 1839 4075 τῆς

1044 4110 1121 4164 νόσου
1139 4108 1165 4162 ἐν
1185 4114 1240 4166 ταῖς
1258 4112 1309 4161 τῶν
1326 4103 1507 4176 ἁπλουστέρων
1524 4100 1651 4175 ψυχαῖς,
1669 4102 1771 4179 ἔγραψα
1787 4113 1839 4166 τοῖς

1045 4201 1110 4256 κατὰ
1131 4204 1176 4258 τόν
1194 4196 1321 4271 Αἴγυπτον
1340 4197 1520 4271 μοναστηρὶοες
1538 4195 1667 4256 καθολικὴν
1691 4196 1839 4258 ἐπιστολὴν,

1045 4294 1156 4366 βιθαιῶν
1168 4293 1261 4352 αὐτοὺς
1274 4292 1310 4350 τῖς
1324 4292 1412 4345 πίστιν
1425 4290 1509 4358 ὀρθόν.
1525 4284 1587 4344 sict
1596 4309 1662 4350 τινες
1673 4292 1803 4364 ἀπήγαγον
1814 4291 1840 4344 ι’ν

1044 4393 1077 4462 τῇ
1094 4369 1356 4442 concremarentur
1375 4383 1409 4435 τὰ
1429 4374 1485 4446 ἶσα,
1502 4381 1545 4434 κοιλ
1560 4380 1696 4451 caprinam
1713 4382 1759 4452 μόν
1778 4382 1839 4434 ἀνα·

242 4580 255 4607 ⁴
269 4569 408 4625 Nestorius
421 4568 738 4639 ipsecaeqcseonsucrum
748 4568 930 4638 quaterniones
943 4567 996 4635 iarn
1012 4570 1038 4632 Ι)
1053 4562 1169 4636 cyrillus
1182 4577 1190 4615 ι
1207 4567 1276 4628 part.
1289 4555 1394 4639 concil.
1411 4555 1510 4622 Ertltcs.
1525 4569 1584 4626 cap.
1602 4556 1635 4612 ld
1649 4556 1769 4639 exponit,
1784 4567 1840 4610 sta-

203 4641 238 4697 ad
261 4641 435 4695 ctnlestinuut
463 4641 583 4703 miserat,
610 4648 638 4693 ut
661 4638 778 4708 cyrillus
801 4639 833 4693 atl
862 4637 993 4692 Juarrnetn
1051 4627 1499 4703 tirttquesubtlit:Qttrdeetobntet
1519 4644 1565 4681 nos
1582 4627 1839 4697 quoquerocrltttsr‘l-

205 4710 401 4766 Antiochenam
425 4709 522 4765 concil.
550 4708 650 4779 Epiros.
671 4717 764 4777 spart.
791 4722 817 4762 c.
832 4706 865 4763 at
888 4709 992 4762 scribit.

203 4786 290 4850 otram
305 4781 470 4846 obcausam,
486 4779 570 4849 inquit
587 4780 684 4833 ibidem
708 4778 836 4848 cyrillus,
849 4778 994 4849 compulsas

202 4869 261 4907 suan
274 4860 298 4905 et
310 4867 357 4922 eqo
376 4867 474 4921 quoque
488 4867 517 4903 ert
530 4850 616 4903 omnin
629 4864 686 4917 qttto
700 4850 766 4902 inter
781 4865 820 4901 tuc
829 4858 853 4902 et
866 4848 940 4901 illator
954 4849 994 4901 in·

204 4932 372 4976 tcrresrcrunt
387 4920 485 4990 (cidem
498 4917 584 4988 papa)
597 4920 711 4988 operire.
726 4919 780 4974 llos
795 4930 885 4973 autent
899 4918 995 4973 Nesto·

203 4994 238 5047 rii
253 4991 445 5060 quaterniones
457 4990 507 5046 sibi
523 5005 572 5058 per
584 4989 745 5044 Antiochum
760 4988 846 5042 tirum
860 4989 992 5043 illustrem

204 5063 326 5119 redditos
338 5058 661 5116 luisscctelestrnusintra
670 5058 695 5113 iu
704 5059 818 5127 epistola
827 5058 859 5112 li
869 5066 991 5113 testatur.

241 5132 430 5188 blitterarum
447 5131 553 5187 illamtn
573 5128 696 5199 exentpla
717 5143 769 5182 una
788 5143 848 5183 cum
868 5128 918 5184 liae
938 5128 995 5194 epi·

203 5203 274 5259 stola
298 5204 332 5257 ad
354 5199 530 5257 Coelestinum
551 5200 657 5254 misisse
681 5213 712 5254 se
732 5199 849 5271 cyrillus
863 5199 889 5253 in
915 5198 995 5253 modo

204 5275 314 5329 laudata
336 5271 448 5342 epistola
464 5271 498 5327 ad
511 5270 642 5326 inanirent
659 5279 864 5325 commemorat.
882 5268 996 5323 Exstant

204 5353 295 5415 tpart.
309 5342 413 5399 Concil.
429 5342 530 5412 [iphes.
542 5356 601 5410 cap.
614 5340 641 5405 o,
656 5350 683 5395 et
696 5340 766 5410 apud
779 5340 914 5393 baluzium
931 5354 993 5393 nor.

203 5417 267 5470 coll.
284 5414 383 5471 correil.
405 5428 432 5484 p.
444 5414 508 5474 tuo,
524 5428 556 5467 cx
572 5411 680 5480 antiqua
697 5411 929 5479 interpretatione,
946 5409 995 5464 sed

202 5484 256 5540 alia
272 5486 308 5540 ab
319 5499 352 5539 ea
371 5498 450 5555 quarn
466 5482 607 5538 Liberatus
623 5482 693 5537 diac.
708 5495 768 5548 cap.
792 5482 808 5535 1
830 5479 925 5551 primis
949 5492 993 5534 ea·

204 5571 264 5610 rum
281 5556 371 5611 uerbis
387 5554 488 5621 relatis,
499 5567 529 5607 se
541 5551 639 5607 vidisse
653 5552 762 5606 indicat.

243 5637 255 5667 e
271 5626 390 5691 Scilicet,
406 5622 612 5692 Marcianopolis
624 5623 650 5677 in
664 5622 770 5686 bloesia,
780 5619 858 5687 quiet
868 5618 992 5688 iuliphc·

205 5712 266 5753 sum
281 5696 424 5751 latrocinio
438 5694 530 5764 cyrilli
544 5708 576 5750 ae
593 5693 742 5748 blemnouis
755 5690 917 5760 depositioni
929 5691 993 5745 sub·

203 5768 324 5833 scripsit.
339 5764 444 5822 Nursus
457 5763 580 5821 eamdem
603 5764 721 5833 episcopt
736 5762 814 5833 hujus
829 5768 992 5831 nnpretatcm

1047 4707 1098 4759 lius
1113 4702 1250 4757 contrariis
1268 4697 1538 4762 irritamentum
1556 4712 1565 4750 .·
1583 4697 1725 4751 Anetltenro
1745 4698 1778 4750 rit
1795 4699 1840 4766 qni

1049 4775 1162 4829 lilerium
1182 4771 1321 4842 lleipmenr
1334 4784 1388 4823 carc
1408 4768 1527 4839 trequnitl
1556 4767 1652 4823 Verum
1668 4767 1696 4821 id
1719 4770 1839 4821 hactenus

1048 4857 1154 4917 propter
1165 4841 1313 4896 Nestorium
1326 4843 1410 4908 socae
1422 4838 1505 4904 nolui,
1516 4839 1609 4893 crerint
1622 4839 1667 4909 qui
1683 4837 1840 4909 Alexandri·

1047 4932 1107 4969 ειιιινι
1119 4915 1268 4981 episcopum
1276 4908 1457 4980 AEqyptt'ntnue
1467 4907 1769 4979 synodumonothcntott'a
1782 4923 1840 4961 retr-

1046 4988 1153 5039 tentiam
1167 4985 1194 5036 in
1209 4982 1361 5036 Nestorium
1385 4977 1474 5033 tulisse
1498 4979 1596 5032 dicent.
1617 4979 1651 5032 Et
1665 4978 1714 5031 hae
1729 4978 1835 5046 quidem

1046 5070 1112 5110 usus
1131 5063 1173 5110 est
1187 5051 1382 5115 moderatione,
1401 5058 1456 5103 ttttu
1471 5056 1500 5103 ut
1513 5060 1623 5103 careret
1637 5046 1766 5112 schisma,
1782 5059 1837 5102 tntu

1047 5127 1127 5181 etlam
1141 5138 1174 5178 ne
1188 5120 1330 5189 Theophili
1342 5118 1468 5174 avunculi
1480 5120 1590 5188 suierqa
1605 5118 1737 5172 loannem
1752 5118 1839 5189 chry-

1048 5206 1196 5250 sestumnm
1217 5192 1382 5260 iniquitatem
1394 5190 1494 5244 imitari
1510 5196 1658 5256 putaretur.

1082 5264 1182 5321 llluter
1197 5277 1337 5331 perversos
1356 5261 1418 5314 illos
1438 5273 1590 5330 precones,
1606 5273 1675 5328 quos
1697 5257 1837 5315 Nestorius

1048 5336 1187 5391 Antiochia
1205 5348 1296 5389 secum
1321 5332 1480 5395 adduxerat,
1507 5343 1522 5383 a
1541 5329 1667 5383 Liberale
1682 5343 1706 5385 e.
1721 5330 1749 5397 1,
1778 5341 1838 5400 post

1047 5406 1186 5462 Socratem
1202 5405 1249 5458 lib.
1264 5418 1299 5457 cn
1313 5417 1337 5457 c.
1355 5400 1400 5467 ἔνθ,
1414 5410 1521 5456 notatur
1543 5399 1701 5454 Anastasius
1726 5403 1837 5475 preshy-

1048 5484 1099 5542 ter,
1113 5477 1158 5546 qui
1173 5477 1201 5530 in
1214 5474 1327 5529 ecclesia
1341 5472 1451 5535 doeens,
1476 5478 1545 5526 teste
1566 5470 1691 5535 Socrate,
1708 5473 1795 5539 erupit
1809 5478 1836 5527 in

1048 5545 1222 5602 linererba:
1243 5543 1322 5596 Nemo
1349 5541 1463 5595 dluriont
1487 5549 1558 5594 uocet
1576 5538 1725 5607 Deipttrcut.
1752 5541 1838 5598 llario

1048 5617 1116 5671 eninr
1139 5617 1213 5669 honre
1233 5615 1291 5684 suit,
1315 5629 1346 5666 co
1369 5611 1470 5665 nornine
1495 5620 1581 5665 nutent
1609 5609 1678 5665 θενε
1701 5613 1772 5667 nurci
1786 5630 1836 5669 non

1049 5697 1140 5758 potest.
1233 5700 1238 5711 ·

1090 5767 1101 5795 t
1114 5756 1178 5825 Qua
1193 5754 1219 5811 in
1235 5753 1360 5825 Ephesiui
1375 5751 1480 5810 concilii
1496 5768 1504 5806 ι
1518 5761 1594 5823 parte
1604 5752 1661 5809 ei
1677 5751 1799 5812 habetur.
