<?xml version="1.0" encoding="UTF-8"?>
<!DOCTYPE html PUBLIC "-//W3C//DTD XHTML 1.0 Transitional//EN"
    "http://www.w3.org/TR/xhtml1/DTD/xhtml1-transitional.dtd">
<html xmlns="http://www.w3.org/1999/xhtml" xml:lang="en" lang="en">
 <head>
  <title>
</title>
<meta http-equiv="Content-Type" content="text/html;charset=utf-8" />
  <meta name='ocr-system' content='tesseract 3.04.00' />
  <meta name='ocr-capabilities' content='ocr_page ocr_carea ocr_par ocr_line ocrx_word'/>
</head>
<body>
  <div class='ocr_page' id='page_1' title='image "./patrologiaecurs200unkngoog/patrologiaecurs200unkngoog_0367.png"; bbox 0 0 4009 6184; ppageno 0'>
   <div class='ocr_carea' id='block_1_1' title="bbox 194 248 1209 312">
    <p class='ocr_par' dir='ltr' id='par_1_1' title="bbox 194 248 1209 312">
     <span class='ocr_line' id='line_1_1' title="bbox 194 248 1209 312; baseline 0.028 -31"><span class='ocrx_word' id='word_1_1' title='bbox 194 256 245 312; x_wconf 69' lang='lat'>,³¹13</span> <span class='ocrx_word' id='word_1_2' title='bbox 285 270 287 272; x_wconf 79' lang='lat'>·</span> <span class='ocrx_word' id='word_1_3' title='bbox 759 248 1042 307; x_wconf 77' lang='lat' dir='ltr'>couttomtttttltltt</span> <span class='ocrx_word' id='word_1_4' title='bbox 1067 252 1209 311; x_wconf 76' lang='lat' dir='ltr'>Pttttttltt.</span> 
     </span>
    </p>
   </div>
   <div class='ocr_carea' id='block_1_2' title="bbox 193 355 971 447">
    <p class='ocr_par' dir='ltr' id='par_1_2' title="bbox 193 355 971 447">
     <span class='ocr_line' id='line_1_2' title="bbox 193 355 971 447; baseline 0.004 -18"><span class='ocrx_word' id='word_1_5' title='bbox 193 373 259 429; x_wconf 89' lang='lat' dir='ltr'>tollit</span> <span class='ocrx_word' id='word_1_6' title='bbox 269 387 403 444; x_wconf 85' lang='lat' dir='ltr'>peecatum</span> <span class='ocrx_word' id='word_1_7' title='bbox 415 355 514 440; x_wconf 79' lang='lat' dir='ltr'>nrrrudi,</span> <span class='ocrx_word' id='word_1_8' title='bbox 523 385 644 446; x_wconf 86' lang='lat' dir='ltr'>tauquam</span> <span class='ocrx_word' id='word_1_9' title='bbox 656 378 750 432; x_wconf 84' lang='lat' dir='ltr'>vellera</span> <span class='ocrx_word' id='word_1_10' title='bbox 758 378 876 447; x_wconf 75' lang='lat' dir='ltr'>qrrardaru</span> <span class='ocrx_word' id='word_1_11' title='bbox 886 387 971 433; x_wconf 74' lang='lat' dir='ltr'>texue-</span> 
     </span>
    </p>
   </div>
   <div class='ocr_carea' id='block_1_3' title="bbox 192 450 976 544">
    <p class='ocr_par' dir='ltr' id='par_1_3' title="bbox 192 450 976 544">
     <span class='ocr_line' id='line_1_3' title="bbox 192 450 976 544; baseline 0.008 -28"><span class='ocrx_word' id='word_1_12' title='bbox 192 463 272 516; x_wconf 89' lang='lat' dir='ltr'>runt?</span> <span class='ocrx_word' id='word_1_13' title='bbox 284 463 333 529; x_wconf 70' lang='lat' dir='ltr'>Qud</span> <span class='ocrx_word' id='word_1_14' title='bbox 345 473 406 518; x_wconf 90' lang='lat' dir='ltr'>sunt</span> <span class='ocrx_word' id='word_1_15' title='bbox 417 465 469 535; x_wconf 91' lang='lat' dir='ltr'>lupi</span> <span class='ocrx_word' id='word_1_16' title='bbox 484 480 601 544; x_wconf 77' lang='lat' dir='ltr'>rapaces,</span> <span class='ocrx_word' id='word_1_17' title='bbox 615 466 664 519; x_wconf 91' lang='lat' dir='ltr'>nisi</span> <span class='ocrx_word' id='word_1_18' title='bbox 678 450 772 520; x_wconf 78' lang='lat' dir='ltr'>seusbs</span> <span class='ocrx_word' id='word_1_19' title='bbox 784 467 976 521; x_wconf 67' lang='lat' dir='ltr'>llaereticorum‘</span> 
     </span>
    </p>
   </div>
   <div class='ocr_carea' id='block_1_4' title="bbox 176 549 977 3867">
    <p class='ocr_par' dir='ltr' id='par_1_4' title="bbox 176 549 977 3867">
     <span class='ocr_line' id='line_1_4' title="bbox 192 549 971 623; baseline 0.008 -19"><span class='ocrx_word' id='word_1_20' title='bbox 192 549 240 605; x_wconf 84' lang='lat' dir='ltr'>ieri</span> <span class='ocrx_word' id='word_1_21' title='bbox 254 561 281 608; x_wconf 89' lang='lat' dir='ltr'>et</span> <span class='ocrx_word' id='word_1_22' title='bbox 293 553 386 620; x_wconf 90' lang='lat' dir='ltr'>rabidi,</span> <span class='ocrx_word' id='word_1_23' title='bbox 398 554 442 622; x_wconf 87' lang='lat' dir='ltr'>qui</span> <span class='ocrx_word' id='word_1_24' title='bbox 454 553 542 607; x_wconf 87' lang='lat' dir='ltr'>caulas</span> <span class='ocrx_word' id='word_1_25' title='bbox 555 555 678 608; x_wconf 71' lang='lat' dir='ltr'>Ecclesiae</span> <span class='ocrx_word' id='word_1_26' title='bbox 693 570 798 623; x_wconf 89' lang='lat' dir='ltr'>semper</span> <span class='ocrx_word' id='word_1_27' title='bbox 809 554 932 609; x_wconf 72' lang='lat' dir='ltr'><strong>infestant</strong></span> <span class='ocrx_word' id='word_1_28' title='bbox 944 565 971 610; x_wconf 91' lang='lat' dir='ltr'>et</span> 
     </span>
     <span class='ocr_line' id='line_1_5' title="bbox 191 641 971 712; baseline 0.001 -15"><span class='ocrx_word' id='word_1_29' title='bbox 191 657 299 712; x_wconf 77' lang='lat' dir='ltr'>gregem</span> <span class='ocrx_word' id='word_1_30' title='bbox 310 641 408 696; x_wconf 88' lang='lat' dir='ltr'>Christi</span> <span class='ocrx_word' id='word_1_31' title='bbox 418 658 520 712; x_wconf 88' lang='lat' dir='ltr'>quaqua</span> <span class='ocrx_word' id='word_1_32' title='bbox 531 653 640 711; x_wconf 88' lang='lat' dir='ltr'>possunt</span> <span class='ocrx_word' id='word_1_33' title='bbox 651 644 811 699; x_wconf 75' lang='lat' dir='ltr'>dilacerant?</span> <span class='ocrx_word' id='word_1_34' title='bbox 824 643 877 699; x_wconf 86' lang='lat' dir='ltr'>Sed</span> <span class='ocrx_word' id='word_1_35' title='bbox 887 652 915 698; x_wconf 91' lang='lat' dir='ltr'>ut</span> <span class='ocrx_word' id='word_1_36' title='bbox 926 644 971 698; x_wconf 86' lang='lat' dir='ltr'>lal-</span> 
     </span>
     <span class='ocr_line' id='line_1_6' title="bbox 191 730 970 802; baseline 0.005 -19"><span class='ocrx_word' id='word_1_37' title='bbox 191 730 273 787; x_wconf 89' lang='lat' dir='ltr'>lacius</span> <span class='ocrx_word' id='word_1_38' title='bbox 286 731 396 786; x_wconf 82' lang='lat' dir='ltr'>incautis</span> <span class='ocrx_word' id='word_1_39' title='bbox 411 732 503 785; x_wconf 86' lang='lat' dir='ltr'>oribus</span> <span class='ocrx_word' id='word_1_40' title='bbox 516 733 651 801; x_wconf 76' lang='lat' dir='ltr'>obrepant,</span> <span class='ocrx_word' id='word_1_41' title='bbox 666 743 788 788; x_wconf 87' lang='lat' dir='ltr'>manente</span> <span class='ocrx_word' id='word_1_42' title='bbox 801 734 920 802; x_wconf 91' lang='lat' dir='ltr'>luporum</span> <span class='ocrx_word' id='word_1_43' title='bbox 930 731 970 787; x_wconf 89' lang='lat' dir='ltr'>ie·</span> 
     </span>
     <span class='ocr_line' id='line_1_7' title="bbox 193 820 970 892; baseline 0.004 -19"><span class='ocrx_word' id='word_1_44' title='bbox 193 820 276 885; x_wconf 91' lang='lat' dir='ltr'>rocla,</span> <span class='ocrx_word' id='word_1_45' title='bbox 287 820 420 888; x_wconf 87' lang='lat' dir='ltr'>deponunt</span> <span class='ocrx_word' id='word_1_46' title='bbox 429 820 543 888; x_wconf 86' lang='lat' dir='ltr'>lupinam</span> <span class='ocrx_word' id='word_1_47' title='bbox 557 823 682 890; x_wconf 79' lang='lat' dir='ltr'>speeiem,</span> <span class='ocrx_word' id='word_1_48' title='bbox 693 830 720 877; x_wconf 88' lang='lat' dir='ltr'>et</span> <span class='ocrx_word' id='word_1_49' title='bbox 729 836 788 877; x_wconf 88' lang='lat' dir='ltr'>sese</span> <span class='ocrx_word' id='word_1_50' title='bbox 798 822 893 876; x_wconf 70' lang='lat' dir='ltr'>divinae</span> <span class='ocrx_word' id='word_1_51' title='bbox 905 823 970 892; x_wconf 89' lang='lat' dir='ltr'>legis</span> 
     </span>
     <span class='ocr_line' id='line_1_8' title="bbox 191 910 971 979; baseline 0.004 -17"><span class='ocrx_word' id='word_1_52' title='bbox 191 910 328 963; x_wconf 86' lang='lat' dir='ltr'>sententiis</span> <span class='ocrx_word' id='word_1_53' title='bbox 347 910 418 963; x_wconf 90' lang='lat' dir='ltr'>velut</span> <span class='ocrx_word' id='word_1_54' title='bbox 436 911 591 979; x_wconf 81' lang='lat' dir='ltr'>quibusdam</span> <span class='ocrx_word' id='word_1_55' title='bbox 610 911 749 965; x_wconf 75' lang='lat' dir='ltr'>velleribus</span> <span class='ocrx_word' id='word_1_56' title='bbox 767 910 922 976; x_wconf 86' lang='lat' dir='ltr'>obvolvunt,</span> <span class='ocrx_word' id='word_1_57' title='bbox 942 918 971 965; x_wconf 86' lang='lat' dir='ltr'>ut</span> 
     </span>
     <span class='ocr_line' id='line_1_9' title="bbox 191 999 970 1069; baseline 0.004 -19"><span class='ocrx_word' id='word_1_58' title='bbox 191 1011 251 1051; x_wconf 88' lang='lat' dir='ltr'>euru</span> <span class='ocrx_word' id='word_1_59' title='bbox 267 1000 377 1067; x_wconf 88' lang='lat' dir='ltr'>quisquc</span> <span class='ocrx_word' id='word_1_60' title='bbox 394 999 511 1052; x_wconf 88' lang='lat' dir='ltr'>lanarum</span> <span class='ocrx_word' id='word_1_61' title='bbox 529 999 663 1053; x_wconf 89' lang='lat' dir='ltr'>mollitiem</span> <span class='ocrx_word' id='word_1_62' title='bbox 679 1001 858 1067; x_wconf 77' lang='lat' dir='ltr'>presenserit,</span> <span class='ocrx_word' id='word_1_63' title='bbox 870 1015 970 1069; x_wconf 88' lang='lat' dir='ltr'>nequa·</span> 
     </span>
     <span class='ocr_line' id='line_1_10' title="bbox 180 1089 970 1162; baseline 0.009 -24"><span class='ocrx_word' id='word_1_64' title='bbox 180 1102 270 1162; x_wconf 24' lang='lat' dir='ltr'>*quam</span> <span class='ocrx_word' id='word_1_65' title='bbox 285 1089 390 1143; x_wconf 89' lang='lat' dir='ltr'>aculeos</span> <span class='ocrx_word' id='word_1_66' title='bbox 404 1089 521 1143; x_wconf 90' lang='lat' dir='ltr'>dentium</span> <span class='ocrx_word' id='word_1_67' title='bbox 534 1091 710 1157; x_wconf 71' lang='lat' dir='ltr'>pertimescat.</span> <span class='ocrx_word' id='word_1_68' title='bbox 725 1090 777 1144; x_wconf 86' lang='lat' dir='ltr'>Sed</span> <span class='ocrx_word' id='word_1_69' title='bbox 790 1090 853 1159; x_wconf 89' lang='lat' dir='ltr'>quid</span> <span class='ocrx_word' id='word_1_70' title='bbox 865 1091 902 1144; x_wconf 89' lang='lat' dir='ltr'>ait</span> <span class='ocrx_word' id='word_1_71' title='bbox 913 1091 970 1145; x_wconf 88' lang='lat' dir='ltr'>Sal·</span> 
     </span>
     <span class='ocr_line' id='line_1_11' title="bbox 190 1177 970 1256; baseline 0.005 -26"><span class='ocrx_word' id='word_1_72' title='bbox 190 1177 283 1230; x_wconf 86' lang='lat' dir='ltr'>vator?</span> <span class='ocrx_word' id='word_1_73' title='bbox 297 1177 336 1229; x_wconf 75' lang='lat' dir='ltr'>Ea</span> <span class='ocrx_word' id='word_1_74' title='bbox 347 1177 469 1246; x_wconf 68' lang='lat' dir='ltr'>[nectibus</span> <span class='ocrx_word' id='word_1_75' title='bbox 481 1180 726 1256; x_wconf 73' lang='lat' dir='ltr'>eorrtutfoqnoscetis</span> <span class='ocrx_word' id='word_1_76' title='bbox 737 1195 778 1232; x_wconf 86' lang='lat' dir='ltr'>eos</span> <span class='ocrx_word' id='word_1_77' title='bbox 789 1179 834 1233; x_wconf 89' lang='lat' dir='ltr'>:id</span> <span class='ocrx_word' id='word_1_78' title='bbox 847 1186 896 1242; x_wconf 90' lang='lat' dir='ltr'>est,</span> <span class='ocrx_word' id='word_1_79' title='bbox 910 1193 970 1234; x_wconf 89' lang='lat' dir='ltr'>cum</span> 
     </span>
     <span class='ocr_line' id='line_1_12' title="bbox 191 1265 969 1336; baseline 0 -17"><span class='ocrx_word' id='word_1_80' title='bbox 191 1265 318 1334; x_wconf 70' lang='lat' dir='ltr'>ceperint</span> <span class='ocrx_word' id='word_1_81' title='bbox 330 1266 431 1320; x_wconf 89' lang='lat' dir='ltr'>divinas</span> <span class='ocrx_word' id='word_1_82' title='bbox 443 1266 500 1320; x_wconf 88' lang='lat' dir='ltr'>illas</span> <span class='ocrx_word' id='word_1_83' title='bbox 513 1279 591 1321; x_wconf 87' lang='lat' dir='ltr'>voces</span> <span class='ocrx_word' id='word_1_84' title='bbox 602 1282 653 1321; x_wconf 93' lang='lat' dir='ltr'>oon</span> <span class='ocrx_word' id='word_1_85' title='bbox 663 1267 718 1336; x_wconf 87' lang='lat' dir='ltr'>jam</span> <span class='ocrx_word' id='word_1_86' title='bbox 731 1267 849 1336; x_wconf 88' lang='lat' dir='ltr'>prolerre</span> <span class='ocrx_word' id='word_1_87' title='bbox 859 1276 969 1331; x_wconf 79' lang='lat' dir='ltr'>mutum,</span> 
     </span>
     <span class='ocr_line' id='line_1_13' title="bbox 191 1356 971 1428; baseline 0 -17"><span class='ocrx_word' id='word_1_88' title='bbox 191 1356 238 1412; x_wconf 87' lang='lat' dir='ltr'>sed</span> <span class='ocrx_word' id='word_1_89' title='bbox 256 1358 334 1411; x_wconf 90' lang='lat' dir='ltr'>etiarn</span> <span class='ocrx_word' id='word_1_90' title='bbox 352 1371 498 1426; x_wconf 79' lang='lat' dir='ltr'>exponere,</span> <span class='ocrx_word' id='word_1_91' title='bbox 519 1372 568 1411; x_wconf 87' lang='lat' dir='ltr'>nee</span> <span class='ocrx_word' id='word_1_92' title='bbox 586 1357 672 1412; x_wconf 88' lang='lat' dir='ltr'>adhuc</span> <span class='ocrx_word' id='word_1_93' title='bbox 686 1359 785 1428; x_wconf 81' lang='lat' dir='ltr'>jactare</span> <span class='ocrx_word' id='word_1_94' title='bbox 804 1359 902 1422; x_wconf 91' lang='lat' dir='ltr'>solum,</span> <span class='ocrx_word' id='word_1_95' title='bbox 924 1357 971 1412; x_wconf 87' lang='lat' dir='ltr'>sed</span> 
     </span>
     <span class='ocr_line' id='line_1_14' title="bbox 190 1447 969 1514; baseline 0 -14"><span class='ocrx_word' id='word_1_96' title='bbox 190 1448 269 1501; x_wconf 88' lang='lat' dir='ltr'>etiarn</span> <span class='ocrx_word' id='word_1_97' title='bbox 281 1447 454 1514; x_wconf 85' lang='lat' dir='ltr'>interpretari,</span> <span class='ocrx_word' id='word_1_98' title='bbox 466 1454 528 1500; x_wconf 99' lang='grc' dir='ltr'>ωηο</span> <span class='ocrx_word' id='word_1_99' title='bbox 537 1447 748 1514; x_wconf 80' lang='lat' dir='ltr'>amaritudoilla,</span> <span class='ocrx_word' id='word_1_100' title='bbox 761 1455 822 1501; x_wconf 91' lang='lat' dir='ltr'>tuuc</span> <span class='ocrx_word' id='word_1_101' title='bbox 831 1448 969 1514; x_wconf 80' lang='lat' dir='ltr'>acerbitas,</span> 
     </span>
     <span class='ocr_line' id='line_1_15' title="bbox 191 1536 970 1606; baseline 0 -17"><span class='ocrx_word' id='word_1_102' title='bbox 191 1544 252 1591; x_wconf 90' lang='lat' dir='ltr'>tunc</span> <span class='ocrx_word' id='word_1_103' title='bbox 266 1536 351 1589; x_wconf 78' lang='lat' dir='ltr'>rabies</span> <span class='ocrx_word' id='word_1_104' title='bbox 361 1536 529 1606; x_wconf 82' lang='lat' dir='ltr'>intelligetur,</span> <span class='ocrx_word' id='word_1_105' title='bbox 541 1544 603 1590; x_wconf 93' lang='lat' dir='ltr'>tunc</span> <span class='ocrx_word' id='word_1_106' title='bbox 612 1537 737 1590; x_wconf 90' lang='lat' dir='ltr'>novitium</span> <span class='ocrx_word' id='word_1_107' title='bbox 752 1537 823 1590; x_wconf 91' lang='lat' dir='ltr'>virus</span> <span class='ocrx_word' id='word_1_108' title='bbox 836 1536 970 1591; x_wconf 84' lang='lat' dir='ltr'>exhalabi-</span> 
     </span>
     <span class='ocr_line' id='line_1_16' title="bbox 191 1627 971 1697; baseline 0.004 -17"><span class='ocrx_word' id='word_1_109' title='bbox 191 1634 242 1690; x_wconf 87' lang='lat' dir='ltr'>tur,</span> <span class='ocrx_word' id='word_1_110' title='bbox 264 1635 326 1682; x_wconf 89' lang='grc' dir='ltr'>ωηο</span> <span class='ocrx_word' id='word_1_111' title='bbox 343 1627 459 1696; x_wconf 82' lang='lat' dir='ltr'>prolanse</span> <span class='ocrx_word' id='word_1_112' title='bbox 471 1628 600 1682; x_wconf 84' lang='lat' dir='ltr'>novitates</span> <span class='ocrx_word' id='word_1_113' title='bbox 609 1628 774 1696; x_wconf 88' lang='lat' dir='ltr'>aperientur;</span> <span class='ocrx_word' id='word_1_114' title='bbox 786 1636 848 1682; x_wconf 92' lang='grc' dir='ltr'>ωηο</span> <span class='ocrx_word' id='word_1_115' title='bbox 857 1629 971 1697; x_wconf 87' lang='lat' dir='ltr'>priorum</span> 
     </span>
     <span class='ocr_line' id='line_1_17' title="bbox 190 1717 969 1788; baseline 0 -15"><span class='ocrx_word' id='word_1_116' title='bbox 190 1718 273 1773; x_wconf 87' lang='lat' dir='ltr'>scindi</span> <span class='ocrx_word' id='word_1_117' title='bbox 284 1734 373 1787; x_wconf 90' lang='lat' dir='ltr'>sepem</span> <span class='ocrx_word' id='word_1_118' title='bbox 388 1719 486 1782; x_wconf 85' lang='lat' dir='ltr'>rideas,</span> <span class='ocrx_word' id='word_1_119' title='bbox 498 1727 561 1773; x_wconf 87' lang='grc' dir='ltr'>ωηο</span> <span class='ocrx_word' id='word_1_120' title='bbox 574 1717 712 1773; x_wconf 89' lang='lat' dir='ltr'>translerri</span> <span class='ocrx_word' id='word_1_121' title='bbox 722 1727 825 1788; x_wconf 88' lang='lat' dir='ltr'>patrum</span> <span class='ocrx_word' id='word_1_122' title='bbox 834 1721 969 1784; x_wconf 90' lang='lat' dir='ltr'>terminos,</span> 
     </span>
     <span class='ocr_line' id='line_1_18' title="bbox 190 1809 972 1878; baseline 0.003 -15"><span class='ocrx_word' id='word_1_123' title='bbox 190 1819 253 1864; x_wconf 92' lang='lat' dir='ltr'>tuoe</span> <span class='ocrx_word' id='word_1_124' title='bbox 273 1809 432 1864; x_wconf 88' lang='lat' dir='ltr'>Catholicam</span> <span class='ocrx_word' id='word_1_125' title='bbox 457 1809 535 1865; x_wconf 89' lang='lat' dir='ltr'>lldem</span> <span class='ocrx_word' id='word_1_126' title='bbox 562 1810 642 1873; x_wconf 78' lang='lat' dir='ltr'>cedi,</span> <span class='ocrx_word' id='word_1_127' title='bbox 671 1817 733 1863; x_wconf 90' lang='grc' dir='ltr'>ωηο</span> <span class='ocrx_word' id='word_1_128' title='bbox 759 1810 972 1878; x_wconf 81' lang='lat' dir='ltr'>Ecclesiastieum</span> 
     </span>
     <span class='ocr_line' id='line_1_19' title="bbox 190 1898 972 1969; baseline 0.001 -16"><span class='ocrx_word' id='word_1_129' title='bbox 190 1899 284 1969; x_wconf 87' lang='lat' dir='ltr'>dogma</span> <span class='ocrx_word' id='word_1_130' title='bbox 297 1899 416 1953; x_wconf 88' lang='lat' dir='ltr'>lacerari.</span> <span class='ocrx_word' id='word_1_131' title='bbox 428 1898 505 1954; x_wconf 86' lang='lat' dir='ltr'>Tales</span> <span class='ocrx_word' id='word_1_132' title='bbox 517 1907 593 1954; x_wconf 90' lang='lat' dir='ltr'>erant</span> <span class='ocrx_word' id='word_1_133' title='bbox 602 1900 619 1953; x_wconf 92' lang='lat' dir='ltr'>ii</span> <span class='ocrx_word' id='word_1_134' title='bbox 629 1913 696 1969; x_wconf 91' lang='lat' dir='ltr'>quos</span> <span class='ocrx_word' id='word_1_135' title='bbox 708 1900 821 1969; x_wconf 89' lang='lat' dir='ltr'>percutit</span> <span class='ocrx_word' id='word_1_136' title='bbox 830 1898 972 1968; x_wconf 77' lang='lat' dir='ltr'>Apostolus</span> 
     </span>
     <span class='ocr_line' id='line_1_20' title="bbox 191 1990 969 2060; baseline 0.001 -16"><span class='ocrx_word' id='word_1_137' title='bbox 191 1991 285 2045; x_wconf 71' lang='lat' dir='ltr'>l‘anlm</span> <span class='ocrx_word' id='word_1_138' title='bbox 304 1992 330 2045; x_wconf 90' lang='lat' dir='ltr'>in</span> <span class='ocrx_word' id='word_1_139' title='bbox 353 1990 467 2045; x_wconf 90' lang='lat' dir='ltr'>secunda</span> <span class='ocrx_word' id='word_1_140' title='bbox 489 1990 522 2045; x_wconf 89' lang='lat' dir='ltr'>ad</span> <span class='ocrx_word' id='word_1_141' title='bbox 542 1990 691 2045; x_wconf 80' lang='lat' dir='ltr'>Corinthios</span> <span class='ocrx_word' id='word_1_142' title='bbox 713 1991 838 2060; x_wconf 80' lang='lat' dir='ltr'>Epistola,</span> <span class='ocrx_word' id='word_1_143' title='bbox 858 1991 969 2046; x_wconf 89' lang='lat' dir='ltr'>dicens:</span> 
     </span>
     <span class='ocr_line' id='line_1_21' title="bbox 190 2081 973 2153; baseline 0.001 -19"><span class='ocrx_word' id='word_1_144' title='bbox 190 2081 259 2134; x_wconf 79' lang='grc' dir='ltr'>Νηηι</span> <span class='ocrx_word' id='word_1_145' title='bbox 268 2082 400 2153; x_wconf 76' lang='lat' dir='ltr'>ejusmodi,</span> <span class='ocrx_word' id='word_1_146' title='bbox 413 2082 505 2151; x_wconf 88' lang='lat' dir='ltr'>inquit,</span> <span class='ocrx_word' id='word_1_147' title='bbox 513 2081 723 2152; x_wconf 80' lang='lat' dir='ltr'>pseudoapostoli,</span> <span class='ocrx_word' id='word_1_148' title='bbox 735 2092 792 2135; x_wconf 83' lang='lat' dir='ltr'>sunt</span> <span class='ocrx_word' id='word_1_149' title='bbox 801 2082 909 2150; x_wconf 86' lang='lat' dir='ltr'>operarii</span> <span class='ocrx_word' id='word_1_150' title='bbox 918 2081 973 2136; x_wconf 75' lang='lat' dir='ltr'>aab</span> 
     </span>
     <span class='ocr_line' id='line_1_22' title="bbox 189 2172 969 2242; baseline -0.003 -15"><span class='ocrx_word' id='word_1_151' title='bbox 189 2174 254 2235; x_wconf 85' lang='lat' dir='ltr'>doli,</span> <span class='ocrx_word' id='word_1_152' title='bbox 267 2174 471 2242; x_wconf 76' lang='lat' dir='ltr'>bamfiqmurttes</span> <span class='ocrx_word' id='word_1_153' title='bbox 485 2189 511 2226; x_wconf 82' lang='lat' dir='ltr'>se</span> <span class='ocrx_word' id='word_1_154' title='bbox 525 2173 551 2226; x_wconf 84' lang='lat' dir='ltr'>bt</span> <span class='ocrx_word' id='word_1_155' title='bbox 563 2173 695 2241; x_wconf 76' lang='lat' dir='ltr'>Apostolos</span> <span class='ocrx_word' id='word_1_156' title='bbox 706 2172 811 2226; x_wconf 81' lang='lat' dir='ltr'>Christi?</span> <span class='ocrx_word' id='word_1_157' title='bbox 824 2173 842 2227; x_wconf 70' lang='lat'>2</span> <span class='ocrx_word' id='word_1_158' title='bbox 854 2173 915 2228; x_wconf 90' lang='lat' dir='ltr'>Cor.</span> <span class='ocrx_word' id='word_1_159' title='bbox 926 2174 969 2226; x_wconf 84' lang='lat' dir='ltr'>ll.</span> 
     </span>
     <span class='ocr_line' id='line_1_23' title="bbox 190 2260 972 2332; baseline 0.004 -18"><span class='ocrx_word' id='word_1_160' title='bbox 190 2261 257 2327; x_wconf 76' lang='lat' dir='ltr'>erid</span> <span class='ocrx_word' id='word_1_161' title='bbox 274 2268 315 2315; x_wconf 93' lang='lat' dir='ltr'>est</span> <span class='ocrx_word' id='word_1_162' title='bbox 332 2262 537 2332; x_wconf 69' lang='lat' dir='ltr'>transfigurantes</span> <span class='ocrx_word' id='word_1_163' title='bbox 549 2277 575 2315; x_wconf 82' lang='lat' dir='ltr'>se</span> <span class='ocrx_word' id='word_1_164' title='bbox 590 2261 616 2314; x_wconf 87' lang='lat' dir='ltr'>iu</span> <span class='ocrx_word' id='word_1_165' title='bbox 634 2260 766 2330; x_wconf 77' lang='lat' dir='ltr'>Apostolos</span> <span class='ocrx_word' id='word_1_166' title='bbox 783 2261 893 2316; x_wconf 86' lang='lat' dir='ltr'>Christi?</span> <span class='ocrx_word' id='word_1_167' title='bbox 905 2263 972 2317; x_wconf 86' lang='lat' dir='ltr'>Pro·</span> 
     </span>
     <span class='ocr_line' id='line_1_24' title="bbox 190 2334 974 2419; baseline 0.004 -15"><span class='ocrx_word' id='word_1_168' title='bbox 190 2349 310 2404; x_wconf 81' lang='lat' dir='ltr'>terebant</span> <span class='ocrx_word' id='word_1_169' title='bbox 327 2351 444 2419; x_wconf 91' lang='lat' dir='ltr'>Apostoli</span> <span class='ocrx_word' id='word_1_170' title='bbox 457 2334 553 2405; x_wconf 84' lang='lat' dir='ltr'>divinae</span> <span class='ocrx_word' id='word_1_171' title='bbox 565 2350 630 2418; x_wconf 85' lang='lat' dir='ltr'>legis</span> <span class='ocrx_word' id='word_1_172' title='bbox 646 2349 782 2418; x_wconf 83' lang='lat' dir='ltr'>exempla;</span> <span class='ocrx_word' id='word_1_173' title='bbox 804 2350 974 2419; x_wconf 83' lang='lat' dir='ltr'>proterebant</span> 
     </span>
     <span class='ocr_line' id='line_1_25' title="bbox 190 2439 971 2508; baseline 0.004 -15"><span class='ocrx_word' id='word_1_174' title='bbox 190 2448 217 2493; x_wconf 92' lang='lat' dir='ltr'>ct</span> <span class='ocrx_word' id='word_1_175' title='bbox 229 2441 274 2493; x_wconf 88' lang='lat' dir='ltr'>illl.</span> <span class='ocrx_word' id='word_1_176' title='bbox 289 2439 460 2494; x_wconf 81' lang='lat' dir='ltr'>Prolerebant</span> <span class='ocrx_word' id='word_1_177' title='bbox 472 2439 591 2508; x_wconf 87' lang='lat' dir='ltr'>Apostoli</span> <span class='ocrx_word' id='word_1_178' title='bbox 609 2439 769 2508; x_wconf 87' lang='lat' dir='ltr'>psabuorum</span> <span class='ocrx_word' id='word_1_179' title='bbox 785 2440 971 2508; x_wconf 52' lang='lat' dir='ltr'>auctoritatem</span> 
     </span>
     <span class='ocr_line' id='line_1_26' title="bbox 190 2527 974 2598; baseline 0.005 -16"><span class='ocrx_word' id='word_1_180' title='bbox 190 2528 360 2597; x_wconf 81' lang='lat' dir='ltr'>proterebant</span> <span class='ocrx_word' id='word_1_181' title='bbox 381 2537 408 2583; x_wconf 91' lang='lat' dir='ltr'>ct</span> <span class='ocrx_word' id='word_1_182' title='bbox 429 2530 475 2582; x_wconf 91' lang='lat' dir='ltr'>illi.</span> <span class='ocrx_word' id='word_1_183' title='bbox 497 2527 669 2584; x_wconf 85' lang='lat' dir='ltr'>Prolerebant</span> <span class='ocrx_word' id='word_1_184' title='bbox 690 2528 809 2598; x_wconf 81' lang='lat' dir='ltr'>Apostoli</span> <span class='ocrx_word' id='word_1_185' title='bbox 830 2531 974 2586; x_wconf 86' lang='lat' dir='ltr'>sententias</span> 
     </span>
     <span class='ocr_line' id='line_1_27' title="bbox 191 2617 974 2687; baseline 0.006 -16"><span class='ocrx_word' id='word_1_186' title='bbox 191 2617 394 2687; x_wconf 64' lang='lat' dir='ltr'>Prophetarum</span> <span class='ocrx_word' id='word_1_187' title='bbox 420 2625 448 2672; x_wconf 89' lang='lat' dir='ltr'>et</span> <span class='ocrx_word' id='word_1_188' title='bbox 472 2618 508 2671; x_wconf 92' lang='lat' dir='ltr'>illi</span> <span class='ocrx_word' id='word_1_189' title='bbox 534 2617 703 2671; x_wconf 88' lang='lat' dir='ltr'>nibilominus</span> <span class='ocrx_word' id='word_1_190' title='bbox 722 2617 899 2686; x_wconf 81' lang='lat' dir='ltr'>proterebant.</span> <span class='ocrx_word' id='word_1_191' title='bbox 920 2619 974 2676; x_wconf 85' lang='lat' dir='ltr'>Sed</span> 
     </span>
     <span class='ocr_line' id='line_1_28' title="bbox 191 2708 973 2778; baseline 0.006 -17"><span class='ocrx_word' id='word_1_192' title='bbox 191 2723 250 2761; x_wconf 88' lang='lat' dir='ltr'>eum</span> <span class='ocrx_word' id='word_1_193' title='bbox 263 2723 294 2762; x_wconf 87' lang='lat' dir='ltr'>ca</span> <span class='ocrx_word' id='word_1_194' title='bbox 304 2724 362 2778; x_wconf 76' lang='lat' dir='ltr'>quse</span> <span class='ocrx_word' id='word_1_195' title='bbox 374 2708 495 2763; x_wconf 90' lang='lat' dir='ltr'>similiter</span> <span class='ocrx_word' id='word_1_196' title='bbox 506 2708 678 2777; x_wconf 84' lang='lat' dir='ltr'>protulerant,</span> <span class='ocrx_word' id='word_1_197' title='bbox 691 2708 857 2777; x_wconf 86' lang='lat' dir='ltr'>interpretari</span> <span class='ocrx_word' id='word_1_198' title='bbox 869 2726 923 2765; x_wconf 93' lang='lat' dir='ltr'>non</span> <span class='ocrx_word' id='word_1_199' title='bbox 935 2712 973 2766; x_wconf 87' lang='lat' dir='ltr'>si·</span> 
     </span>
     <span class='ocr_line' id='line_1_29' title="bbox 190 2797 973 2867; baseline 0.004 -15"><span class='ocrx_word' id='word_1_200' title='bbox 190 2798 287 2852; x_wconf 89' lang='lat' dir='ltr'>militer</span> <span class='ocrx_word' id='word_1_201' title='bbox 298 2798 449 2867; x_wconf 88' lang='lat' dir='ltr'>coepissent,</span> <span class='ocrx_word' id='word_1_202' title='bbox 464 2805 525 2852; x_wconf 88' lang='grc' dir='ltr'>ωηο</span> <span class='ocrx_word' id='word_1_203' title='bbox 539 2798 671 2866; x_wconf 89' lang='lat' dir='ltr'>sirupllees</span> <span class='ocrx_word' id='word_1_204' title='bbox 684 2812 700 2851; x_wconf 86' lang='lat' dir='ltr'>a</span> <span class='ocrx_word' id='word_1_205' title='bbox 712 2797 844 2863; x_wconf 90' lang='lat' dir='ltr'>subdolis,</span> <span class='ocrx_word' id='word_1_206' title='bbox 858 2808 920 2854; x_wconf 87' lang='lat' dir='ltr'>tunc</span> <span class='ocrx_word' id='word_1_207' title='bbox 932 2800 973 2854; x_wconf 88' lang='lat' dir='ltr'>ln-</span> 
     </span>
     <span class='ocr_line' id='line_1_30' title="bbox 191 2887 974 2960; baseline 0.005 -17"><span class='ocrx_word' id='word_1_208' title='bbox 191 2889 270 2944; x_wconf 87' lang='lat' dir='ltr'>lucati</span> <span class='ocrx_word' id='word_1_209' title='bbox 284 2904 299 2942; x_wconf 86' lang='lat' dir='ltr'>a</span> <span class='ocrx_word' id='word_1_210' title='bbox 315 2887 419 2954; x_wconf 86' lang='lat' dir='ltr'>locatis,</span> <span class='ocrx_word' id='word_1_211' title='bbox 434 2898 495 2943; x_wconf 92' lang='grc' dir='ltr'>ωηο</span> <span class='ocrx_word' id='word_1_212' title='bbox 506 2890 570 2944; x_wconf 84' lang='lat' dir='ltr'>recti</span> <span class='ocrx_word' id='word_1_213' title='bbox 585 2903 599 2942; x_wconf 86' lang='lat' dir='ltr'>a</span> <span class='ocrx_word' id='word_1_214' title='bbox 613 2890 754 2958; x_wconf 89' lang='lat' dir='ltr'>perversis,</span> <span class='ocrx_word' id='word_1_215' title='bbox 766 2899 828 2945; x_wconf 89' lang='lat' dir='ltr'>tunc</span> <span class='ocrx_word' id='word_1_216' title='bbox 841 2899 974 2960; x_wconf 83' lang='lat' dir='ltr'>postremo</span> 
     </span>
     <span class='ocr_line' id='line_1_31' title="bbox 192 2977 974 3047; baseline 0.006 -17"><span class='ocrx_word' id='word_1_217' title='bbox 192 2979 246 3033; x_wconf 84' lang='lat' dir='ltr'>reri</span> <span class='ocrx_word' id='word_1_218' title='bbox 259 2978 378 3047; x_wconf 87' lang='lat' dir='ltr'>Apostoli</span> <span class='ocrx_word' id='word_1_219' title='bbox 391 2993 406 3031; x_wconf 91' lang='lat' dir='ltr'>a</span> <span class='ocrx_word' id='word_1_220' title='bbox 421 2977 492 3033; x_wconf 85' lang='lat' dir='ltr'>salsis</span> <span class='ocrx_word' id='word_1_221' title='bbox 501 2977 634 3047; x_wconf 86' lang='lat' dir='ltr'>Apostolis</span> <span class='ocrx_word' id='word_1_222' title='bbox 643 2979 870 3034; x_wconf 81' lang='lat' dir='ltr'>discernebantur.</span> <span class='ocrx_word' id='word_1_223' title='bbox 882 2980 916 3033; x_wconf 89' lang='lat' dir='ltr'>Et</span> <span class='ocrx_word' id='word_1_224' title='bbox 925 2998 974 3035; x_wconf 86' lang='grc' dir='ltr'>ηοη</span> 
     </span>
     <span class='ocr_line' id='line_1_32' title="bbox 191 3069 974 3141; baseline 0.004 -19"><span class='ocrx_word' id='word_1_225' title='bbox 191 3071 294 3134; x_wconf 73' lang='lat' dir='ltr'>treisma,</span> <span class='ocrx_word' id='word_1_226' title='bbox 310 3071 402 3140; x_wconf 87' lang='lat' dir='ltr'>inquit.</span> <span class='ocrx_word' id='word_1_227' title='bbox 427 3069 487 3139; x_wconf 87' lang='lat' dir='ltr'>lpse</span> <span class='ocrx_word' id='word_1_228' title='bbox 503 3071 570 3122; x_wconf 84' lang='lat' dir='ltr'>enim</span> <span class='ocrx_word' id='word_1_229' title='bbox 590 3070 700 3125; x_wconf 80' lang='lat' dir='ltr'>Satanas</span> <span class='ocrx_word' id='word_1_230' title='bbox 722 3072 885 3141; x_wconf 76' lang='lat' dir='ltr'>transfigurat</span> <span class='ocrx_word' id='word_1_231' title='bbox 904 3087 931 3125; x_wconf 84' lang='lat' dir='ltr'>se</span> <span class='ocrx_word' id='word_1_232' title='bbox 948 3073 974 3125; x_wconf 83' lang='lat' dir='ltr'>in</span> 
     </span>
     <span class='ocr_line' id='line_1_33' title="bbox 191 3162 976 3232; baseline 0.004 -18"><span class='ocrx_word' id='word_1_233' title='bbox 191 3162 390 3232; x_wconf 80' lang='lat' dir='ltr'>angelumlceis.</span> <span class='ocrx_word' id='word_1_234' title='bbox 408 3162 464 3216; x_wconf 89' lang='lat' dir='ltr'>Non</span> <span class='ocrx_word' id='word_1_235' title='bbox 475 3170 516 3215; x_wconf 84' lang='lat' dir='ltr'>est</span> <span class='ocrx_word' id='word_1_236' title='bbox 534 3176 597 3230; x_wconf 84' lang='lat' dir='ltr'>ergo</span> <span class='ocrx_word' id='word_1_237' title='bbox 610 3165 734 3230; x_wconf 88' lang='lat' dir='ltr'>magnum</span> <span class='ocrx_word' id='word_1_238' title='bbox 752 3162 776 3216; x_wconf 88' lang='lat' dir='ltr'>si</span> <span class='ocrx_word' id='word_1_239' title='bbox 790 3162 901 3215; x_wconf 90' lang='lat' dir='ltr'>ministri</span> <span class='ocrx_word' id='word_1_240' title='bbox 918 3162 976 3230; x_wconf 77' lang='lat' dir='ltr'>eius</span> 
     </span>
     <span class='ocr_line' id='line_1_34' title="bbox 191 3252 975 3322; baseline 0.003 -16"><span class='ocrx_word' id='word_1_241' title='bbox 191 3252 407 3322; x_wconf 86' lang='lat' dir='ltr'>transbgurantur</span> <span class='ocrx_word' id='word_1_242' title='bbox 415 3254 483 3308; x_wconf 87' lang='lat' dir='ltr'>sieut</span> <span class='ocrx_word' id='word_1_243' title='bbox 498 3253 610 3307; x_wconf 89' lang='lat' dir='ltr'>ministri</span> <span class='ocrx_word' id='word_1_244' title='bbox 618 3252 737 3321; x_wconf 71' lang='lat' dir='ltr'>iustitiae.</span> <span class='ocrx_word' id='word_1_245' title='bbox 749 3253 818 3322; x_wconf 80' lang='lat' dir='ltr'>Ergo</span> <span class='ocrx_word' id='word_1_246' title='bbox 831 3253 975 3308; x_wconf 75' lang='lat' dir='ltr'>aeonum</span> 
     </span>
     <span class='ocr_line' id='line_1_35' title="bbox 191 3344 977 3415; baseline 0.003 -18"><span class='ocrx_word' id='word_1_247' title='bbox 191 3344 307 3415; x_wconf 87' lang='lat' dir='ltr'>Apostoli</span> <span class='ocrx_word' id='word_1_248' title='bbox 317 3345 391 3399; x_wconf 87' lang='lat' dir='ltr'>Pauli</span> <span class='ocrx_word' id='word_1_249' title='bbox 404 3344 598 3415; x_wconf 85' lang='lat' dir='ltr'>magisterium,</span> <span class='ocrx_word' id='word_1_250' title='bbox 613 3344 830 3414; x_wconf 82' lang='lat' dir='ltr'>quotiescumque</span> <span class='ocrx_word' id='word_1_251' title='bbox 842 3344 884 3398; x_wconf 88' lang='lat' dir='ltr'>vel</span> <span class='ocrx_word' id='word_1_252' title='bbox 897 3359 977 3414; x_wconf 89' lang='lat' dir='ltr'>pseu-</span> 
     </span>
     <span class='ocr_line' id='line_1_36' title="bbox 191 3432 975 3507; baseline -0.003 -17"><span class='ocrx_word' id='word_1_253' title='bbox 191 3435 335 3507; x_wconf 85' lang='lat' dir='ltr'>doapostoli</span> <span class='ocrx_word' id='word_1_254' title='bbox 348 3435 388 3488; x_wconf 87' lang='lat' dir='ltr'>rel</span> <span class='ocrx_word' id='word_1_255' title='bbox 397 3432 631 3503; x_wconf 72' lang='lat' dir='ltr'>pseudoprophete</span> <span class='ocrx_word' id='word_1_256' title='bbox 644 3433 684 3487; x_wconf 89' lang='lat' dir='ltr'>vel</span> <span class='ocrx_word' id='word_1_257' title='bbox 695 3434 918 3502; x_wconf 84' lang='lat' dir='ltr'>pseudodoctores</span> <span class='ocrx_word' id='word_1_258' title='bbox 934 3433 975 3488; x_wconf 87' lang='lat' dir='ltr'>di·</span> 
     </span>
     <span class='ocr_line' id='line_1_37' title="bbox 176 3524 975 3596; baseline 0.001 -16"><span class='ocrx_word' id='word_1_259' title='bbox 176 3529 258 3581; x_wconf 74' lang='lat' dir='ltr'>·vinre</span> <span class='ocrx_word' id='word_1_260' title='bbox 270 3527 336 3596; x_wconf 82' lang='lat' dir='ltr'>legis</span> <span class='ocrx_word' id='word_1_261' title='bbox 345 3526 489 3581; x_wconf 90' lang='lat' dir='ltr'>sententias</span> <span class='ocrx_word' id='word_1_262' title='bbox 499 3524 645 3594; x_wconf 79' lang='lat' dir='ltr'>ptulerunt,</span> <span class='ocrx_word' id='word_1_263' title='bbox 658 3525 753 3594; x_wconf 90' lang='lat' dir='ltr'>quibus</span> <span class='ocrx_word' id='word_1_264' title='bbox 765 3526 834 3580; x_wconf 89' lang='lat' dir='ltr'>male</span> <span class='ocrx_word' id='word_1_265' title='bbox 845 3526 975 3594; x_wconf 90' lang='lat' dir='ltr'>interpre-</span> 
     </span>
     <span class='ocr_line' id='line_1_38' title="bbox 191 3609 977 3682; baseline 0 -10"><span class='ocrx_word' id='word_1_266' title='bbox 191 3619 252 3673; x_wconf 89' lang='lat' dir='ltr'>tatis</span> <span class='ocrx_word' id='word_1_267' title='bbox 262 3609 366 3672; x_wconf 88' lang='lat' dir='ltr'>errores</span> <span class='ocrx_word' id='word_1_268' title='bbox 379 3631 440 3672; x_wconf 92' lang='lat' dir='ltr'>snos</span> <span class='ocrx_word' id='word_1_269' title='bbox 450 3616 585 3677; x_wconf 86' lang='lat' dir='ltr'>adstruere</span> <span class='ocrx_word' id='word_1_270' title='bbox 599 3624 736 3682; x_wconf 84' lang='lat' dir='ltr'>conentur,</span> <span class='ocrx_word' id='word_1_271' title='bbox 748 3631 801 3671; x_wconf 88' lang='lat' dir='ltr'>non</span> <span class='ocrx_word' id='word_1_272' title='bbox 815 3616 923 3671; x_wconf 89' lang='lat' dir='ltr'>dubium</span> <span class='ocrx_word' id='word_1_273' title='bbox 936 3626 977 3673; x_wconf 92' lang='lat' dir='ltr'>est</span> 
     </span>
     <span class='ocr_line' id='line_1_39' title="bbox 190 3706 976 3779; baseline -0.003 -15"><span class='ocrx_word' id='word_1_274' title='bbox 190 3711 253 3778; x_wconf 81' lang='lat' dir='ltr'>quin</span> <span class='ocrx_word' id='word_1_275' title='bbox 262 3709 377 3763; x_wconf 88' lang='lat' dir='ltr'>auctoris</span> <span class='ocrx_word' id='word_1_276' title='bbox 388 3709 429 3766; x_wconf 86' lang='lat' dir='ltr'>sui</span> <span class='ocrx_word' id='word_1_277' title='bbox 439 3707 532 3762; x_wconf 89' lang='lat' dir='ltr'>callida</span> <span class='ocrx_word' id='word_1_278' title='bbox 541 3706 752 3762; x_wconf 86' lang='lat' dir='ltr'>machinamenta</span> <span class='ocrx_word' id='word_1_279' title='bbox 762 3714 905 3774; x_wconf 86' lang='lat' dir='ltr'>sectentur,</span> <span class='ocrx_word' id='word_1_280' title='bbox 917 3723 976 3779; x_wconf 77' lang='lat' dir='ltr'>qna</span> 
     </span>
     <span class='ocr_line' id='line_1_40' title="bbox 192 3796 977 3867; baseline 0.001 -17"><span class='ocrx_word' id='word_1_281' title='bbox 192 3798 234 3853; x_wconf 91' lang='lat' dir='ltr'>ille</span> <span class='ocrx_word' id='word_1_282' title='bbox 242 3809 374 3867; x_wconf 88' lang='lat' dir='ltr'>nunquam</span> <span class='ocrx_word' id='word_1_283' title='bbox 385 3797 502 3867; x_wconf 89' lang='lat' dir='ltr'>prolecto</span> <span class='ocrx_word' id='word_1_284' title='bbox 512 3796 764 3861; x_wconf 85' lang='lat' dir='ltr'>comminisceretur,</span> <span class='ocrx_word' id='word_1_285' title='bbox 774 3796 824 3850; x_wconf 88' lang='lat' dir='ltr'>nisi</span> <span class='ocrx_word' id='word_1_286' title='bbox 834 3798 977 3852; x_wconf 87' lang='lat' dir='ltr'>sciretom·</span> 
     </span>
    </p>
   </div>
   <div class='ocr_carea' id='block_1_5' title="bbox 192 3886 991 3957">
    <p class='ocr_par' dir='ltr' id='par_1_5' title="bbox 192 3886 991 3957">
     <span class='ocr_line' id='line_1_41' title="bbox 192 3886 991 3957; baseline 0.003 -17"><span class='ocrx_word' id='word_1_287' title='bbox 192 3889 253 3943; x_wconf 87' lang='lat' dir='ltr'>rrirro</span> <span class='ocrx_word' id='word_1_288' title='bbox 261 3890 359 3943; x_wconf 89' lang='lat' dir='ltr'>nullam</span> <span class='ocrx_word' id='word_1_289' title='bbox 372 3904 432 3943; x_wconf 90' lang='lat' dir='ltr'>esse</span> <span class='ocrx_word' id='word_1_290' title='bbox 441 3888 474 3943; x_wconf 88' lang='lat' dir='ltr'>ad</span> <span class='ocrx_word' id='word_1_291' title='bbox 490 3886 631 3941; x_wconf 82' lang='lat' dir='ltr'>tollendum</span> <span class='ocrx_word' id='word_1_292' title='bbox 641 3886 787 3942; x_wconf 79' lang='lat' dir='ltr'>faciliorem</span> <span class='ocrx_word' id='word_1_293' title='bbox 799 3888 883 3952; x_wconf 87' lang='lat' dir='ltr'>viam,</span> <span class='ocrx_word' id='word_1_294' title='bbox 898 3903 991 3957; x_wconf 86' lang='lat' dir='ltr'>quam</span> 
     </span>
    </p>
   </div>
   <div class='ocr_carea' id='block_1_6' title="bbox 193 3977 981 5675">
    <p class='ocr_par' dir='ltr' id='par_1_6' title="bbox 193 3977 977 4141">
     <span class='ocr_line' id='line_1_42' title="bbox 193 3977 977 4043; baseline 0 -11"><span class='ocrx_word' id='word_1_295' title='bbox 193 3989 220 4032; x_wconf 94' lang='lat' dir='ltr'>ut</span> <span class='ocrx_word' id='word_1_296' title='bbox 230 3981 272 4034; x_wconf 91' lang='lat' dir='ltr'>ubi</span> <span class='ocrx_word' id='word_1_297' title='bbox 287 3979 380 4034; x_wconf 77' lang='lat' dir='ltr'>nefarii</span> <span class='ocrx_word' id='word_1_298' title='bbox 393 3981 490 4036; x_wconf 90' lang='lat' dir='ltr'>erroris</span> <span class='ocrx_word' id='word_1_299' title='bbox 502 3979 684 4033; x_wconf 90' lang='lat' dir='ltr'>subinducitur</span> <span class='ocrx_word' id='word_1_300' title='bbox 693 3977 876 4043; x_wconf 76' lang='lat' dir='ltr'>fraudulentia,</span> <span class='ocrx_word' id='word_1_301' title='bbox 892 3978 926 4032; x_wconf 89' lang='lat' dir='ltr'>ibi</span> <span class='ocrx_word' id='word_1_302' title='bbox 940 3978 977 4032; x_wconf 89' lang='lat' dir='ltr'>di-</span> 
     </span>
     <span class='ocr_line' id='line_1_43' title="bbox 193 4069 820 4141; baseline -0.005 -15"><span class='ocrx_word' id='word_1_303' title='bbox 193 4072 311 4126; x_wconf 90' lang='lat' dir='ltr'>vinorum</span> <span class='ocrx_word' id='word_1_304' title='bbox 325 4073 465 4126; x_wconf 90' lang='lat' dir='ltr'>verborum</span> <span class='ocrx_word' id='word_1_305' title='bbox 478 4070 656 4141; x_wconf 66' lang='lat' dir='ltr'>praetendatur</span> <span class='ocrx_word' id='word_1_306' title='bbox 668 4069 820 4124; x_wconf 83' lang='lat' dir='ltr'>atteteritas.</span> 
     </span>
    </p>

    <p class='ocr_par' dir='ltr' id='par_1_7' title="bbox 193 4161 981 5675">
     <span class='ocr_line' id='line_1_44' title="bbox 228 4161 977 4232; baseline -0.003 -15"><span class='ocrx_word' id='word_1_307' title='bbox 228 4164 320 4217; x_wconf 77' lang='lat' dir='ltr'>xxvt.</span> <span class='ocrx_word' id='word_1_308' title='bbox 333 4163 385 4218; x_wconf 86' lang='lat' dir='ltr'>Sed</span> <span class='ocrx_word' id='word_1_309' title='bbox 398 4163 467 4217; x_wconf 86' lang='lat' dir='ltr'>dicet</span> <span class='ocrx_word' id='word_1_310' title='bbox 477 4162 571 4232; x_wconf 88' lang='lat' dir='ltr'>aliquis</span> <span class='ocrx_word' id='word_1_311' title='bbox 583 4180 590 4216; x_wconf 89' lang='lat'>:</span> <span class='ocrx_word' id='word_1_312' title='bbox 602 4161 677 4217; x_wconf 88' lang='lat' dir='ltr'>Unde</span> <span class='ocrx_word' id='word_1_313' title='bbox 687 4161 813 4232; x_wconf 88' lang='lat' dir='ltr'>probatur</span> <span class='ocrx_word' id='word_1_314' title='bbox 823 4162 883 4231; x_wconf 90' lang='lat' dir='ltr'>quia</span> <span class='ocrx_word' id='word_1_315' title='bbox 894 4176 977 4216; x_wconf 75' lang='lat' dir='ltr'>sacre</span> 
     </span>
     <span class='ocr_line' id='line_1_45' title="bbox 194 4251 975 4322; baseline -0.003 -16"><span class='ocrx_word' id='word_1_316' title='bbox 194 4252 257 4321; x_wconf 82' lang='lat' dir='ltr'>legis</span> <span class='ocrx_word' id='word_1_317' title='bbox 272 4253 400 4322; x_wconf 85' lang='lat' dir='ltr'>exemplis</span> <span class='ocrx_word' id='word_1_318' title='bbox 417 4252 541 4306; x_wconf 84' lang='lat' dir='ltr'>Diabolus</span> <span class='ocrx_word' id='word_1_319' title='bbox 554 4251 592 4305; x_wconf 93' lang='lat' dir='ltr'>uti</span> <span class='ocrx_word' id='word_1_320' title='bbox 608 4252 709 4306; x_wconf 89' lang='lat' dir='ltr'>soleat?</span> <span class='ocrx_word' id='word_1_321' title='bbox 722 4252 804 4321; x_wconf 87' lang='lat' dir='ltr'>Legat</span> <span class='ocrx_word' id='word_1_322' title='bbox 822 4251 975 4320; x_wconf 80' lang='lat' dir='ltr'>Evangelia,</span> 
     </span>
     <span class='ocr_line' id='line_1_46' title="bbox 194 4342 978 4413; baseline 0 -17"><span class='ocrx_word' id='word_1_323' title='bbox 194 4343 324 4413; x_wconf 90' lang='lat' dir='ltr'>inquibus</span> <span class='ocrx_word' id='word_1_324' title='bbox 337 4343 461 4399; x_wconf 88' lang='lat' dir='ltr'>scribitur</span> <span class='ocrx_word' id='word_1_325' title='bbox 475 4362 481 4396; x_wconf 93' lang='lat'>:</span> <span class='ocrx_word' id='word_1_326' title='bbox 495 4342 564 4396; x_wconf 82' lang='lat' dir='ltr'>Tuus</span> <span class='ocrx_word' id='word_1_327' title='bbox 577 4343 710 4413; x_wconf 81' lang='lat' dir='ltr'>assumpsit</span> <span class='ocrx_word' id='word_1_328' title='bbox 723 4343 794 4396; x_wconf 81' lang='lat' dir='ltr'>illuct</span> <span class='ocrx_word' id='word_1_329' title='bbox 805 4342 936 4406; x_wconf 82' lang='lat' dir='ltr'>Diabolus,</span> <span class='ocrx_word' id='word_1_330' title='bbox 951 4343 978 4397; x_wconf 92' lang='lat' dir='ltr'>id</span> 
     </span>
     <span class='ocr_line' id='line_1_47' title="bbox 193 4432 978 4501; baseline -0.004 -14"><span class='ocrx_word' id='word_1_331' title='bbox 193 4441 242 4496; x_wconf 82' lang='lat' dir='ltr'>est,</span> <span class='ocrx_word' id='word_1_332' title='bbox 257 4434 396 4487; x_wconf 84' lang='lat' dir='ltr'>[lominum</span> <span class='ocrx_word' id='word_1_333' title='bbox 420 4432 593 4493; x_wconf 86' lang='lat' dir='ltr'>Salvatorcm,</span> <span class='ocrx_word' id='word_1_334' title='bbox 608 4441 631 4484; x_wconf 86' lang='lat' dir='ltr'>et</span> <span class='ocrx_word' id='word_1_335' title='bbox 643 4432 730 4485; x_wconf 82' lang='lat' dir='ltr'>statuit</span> <span class='ocrx_word' id='word_1_336' title='bbox 749 4432 821 4484; x_wconf 83' lang='lat' dir='ltr'>illum</span> <span class='ocrx_word' id='word_1_337' title='bbox 834 4449 910 4501; x_wconf 84' lang='lat' dir='ltr'>saper</span> <span class='ocrx_word' id='word_1_338' title='bbox 921 4434 978 4501; x_wconf 84' lang='lat' dir='ltr'>pirr-</span> 
     </span>
     <span class='ocr_line' id='line_1_48' title="bbox 193 4520 976 4593; baseline 0.001 -19"><span class='ocrx_word' id='word_1_339' title='bbox 193 4539 250 4575; x_wconf 77' lang='grc' dir='ltr'>ηοω</span> <span class='ocrx_word' id='word_1_340' title='bbox 260 4523 355 4593; x_wconf 82' lang='lat' dir='ltr'>tcutpli,</span> <span class='ocrx_word' id='word_1_341' title='bbox 367 4532 389 4574; x_wconf 87' lang='lat' dir='ltr'>ct</span> <span class='ocrx_word' id='word_1_342' title='bbox 399 4522 495 4576; x_wconf 78' lang='lat' dir='ltr'>diuitei</span> <span class='ocrx_word' id='word_1_343' title='bbox 506 4537 514 4574; x_wconf 88' lang='lat'><em>:</em></span> <span class='ocrx_word' id='word_1_344' title='bbox 525 4521 555 4576; x_wconf 90' lang='lat' dir='ltr'>Si</span> <span class='ocrx_word' id='word_1_345' title='bbox 565 4522 633 4590; x_wconf 70' lang='lat' dir='ltr'>plius</span> <span class='ocrx_word' id='word_1_346' title='bbox 641 4520 688 4574; x_wconf 87' lang='lat' dir='ltr'>Det&#39;</span> <span class='ocrx_word' id='word_1_347' title='bbox 697 4537 732 4584; x_wconf 84' lang='lat' dir='ltr'>es,</span> <span class='ocrx_word' id='word_1_348' title='bbox 744 4523 842 4586; x_wconf 84' lang='lat' dir='ltr'>prittctc</span> <span class='ocrx_word' id='word_1_349' title='bbox 852 4523 976 4576; x_wconf 79' lang='lat' dir='ltr'>deorsum.</span> 
     </span>
     <span class='ocr_line' id='line_1_49' title="bbox 194 4609 979 4681; baseline 0 -15"><span class='ocrx_word' id='word_1_350' title='bbox 194 4609 322 4680; x_wconf 75' lang='lat' dir='ltr'>Scriptum</span> <span class='ocrx_word' id='word_1_351' title='bbox 335 4621 371 4664; x_wconf 85' lang='lat' dir='ltr'>cst</span> <span class='ocrx_word' id='word_1_352' title='bbox 384 4612 449 4664; x_wconf 76' lang='lat' dir='ltr'>erint</span> <span class='ocrx_word' id='word_1_353' title='bbox 461 4610 528 4680; x_wconf 86' lang='lat' dir='ltr'>qrrod</span> <span class='ocrx_word' id='word_1_354' title='bbox 545 4611 639 4681; x_wconf 81' lang='lat' dir='ltr'>unqelr&#39;s</span> <span class='ocrx_word' id='word_1_355' title='bbox 660 4611 712 4664; x_wconf 88' lang='lat' dir='ltr'>suis</span> <span class='ocrx_word' id='word_1_356' title='bbox 734 4612 861 4664; x_wconf 84' lang='lat' dir='ltr'>urottdoet&#39;t</span> <span class='ocrx_word' id='word_1_357' title='bbox 874 4611 904 4664; x_wconf 89' lang='lat' dir='ltr'>de</span> <span class='ocrx_word' id='word_1_358' title='bbox 917 4623 940 4666; x_wconf 89' lang='lat' dir='ltr'>te</span> <span class='ocrx_word' id='word_1_359' title='bbox 952 4622 979 4665; x_wconf 86' lang='lat' dir='ltr'>ut</span> 
     </span>
     <span class='ocr_line' id='line_1_50' title="bbox 193 4700 977 4765; baseline 0.001 -12"><span class='ocrx_word' id='word_1_360' title='bbox 193 4701 333 4753; x_wconf 79' lang='lat' dir='ltr'>custodient</span> <span class='ocrx_word' id='word_1_361' title='bbox 345 4712 369 4753; x_wconf 86' lang='lat' dir='ltr'>te</span> <span class='ocrx_word' id='word_1_362' title='bbox 380 4701 406 4754; x_wconf 85' lang='lat' dir='ltr'>br</span> <span class='ocrx_word' id='word_1_363' title='bbox 416 4702 529 4753; x_wconf 80' lang='lat' dir='ltr'>otrrrtibtts</span> <span class='ocrx_word' id='word_1_364' title='bbox 543 4701 588 4753; x_wconf 83' lang='lat' dir='ltr'>tr&#39;t&#39;s</span> <span class='ocrx_word' id='word_1_365' title='bbox 600 4701 666 4764; x_wconf 82' lang='lat' dir='ltr'>tais,·</span> <span class='ocrx_word' id='word_1_366' title='bbox 679 4700 705 4753; x_wconf 84' lang='lat' dir='ltr'>iu</span> <span class='ocrx_word' id='word_1_367' title='bbox 719 4701 833 4752; x_wconf 77' lang='lat' dir='ltr'>amnibus</span> <span class='ocrx_word' id='word_1_368' title='bbox 845 4702 931 4753; x_wconf 88' lang='lat' dir='ltr'>tolleut</span> <span class='ocrx_word' id='word_1_369' title='bbox 944 4711 977 4765; x_wconf 82' lang='lat' dir='ltr'>te,</span> 
     </span>
     <span class='ocr_line' id='line_1_51' title="bbox 194 4781 976 4859; baseline 0.005 -19"><span class='ocrx_word' id='word_1_370' title='bbox 194 4803 224 4840; x_wconf 84' lang='lat' dir='ltr'>ue</span> <span class='ocrx_word' id='word_1_371' title='bbox 242 4789 307 4858; x_wconf 75' lang='lat' dir='ltr'>[orte</span> <span class='ocrx_word' id='word_1_372' title='bbox 325 4781 438 4855; x_wconf 70' lang='lat' dir='ltr'>alfardus</span> <span class='ocrx_word' id='word_1_373' title='bbox 454 4791 487 4842; x_wconf 87' lang='lat' dir='ltr'>od</span> <span class='ocrx_word' id='word_1_374' title='bbox 507 4789 616 4859; x_wconf 83' lang='lat' dir='ltr'>lapidem</span> <span class='ocrx_word' id='word_1_375' title='bbox 631 4789 719 4858; x_wconf 83' lang='lat' dir='ltr'>pedem</span> <span class='ocrx_word' id='word_1_376' title='bbox 738 4798 821 4853; x_wconf 85' lang='grc' dir='ltr'>ωωη,</span> <span class='ocrx_word' id='word_1_377' title='bbox 843 4789 934 4842; x_wconf 85' lang='lat' dir='ltr'>llattb.</span> <span class='ocrx_word' id='word_1_378' title='bbox 950 4792 976 4844; x_wconf 82' lang='lat' dir='ltr'>l.</span> 
     </span>
     <span class='ocr_line' id='line_1_52' title="bbox 194 4877 978 4947; baseline 0.003 -16"><span class='ocrx_word' id='word_1_379' title='bbox 194 4877 261 4943; x_wconf 78' lang='lat' dir='ltr'>Quid</span> <span class='ocrx_word' id='word_1_380' title='bbox 282 4877 325 4932; x_wconf 91' lang='lat' dir='ltr'>hie</span> <span class='ocrx_word' id='word_1_381' title='bbox 337 4878 414 4932; x_wconf 88' lang='lat' dir='ltr'>laciet</span> <span class='ocrx_word' id='word_1_382' title='bbox 433 4879 541 4933; x_wconf 89' lang='lat' dir='ltr'>misellis</span> <span class='ocrx_word' id='word_1_383' title='bbox 559 4877 709 4932; x_wconf 88' lang='lat' dir='ltr'>bominibus</span> <span class='ocrx_word' id='word_1_384' title='bbox 722 4878 767 4946; x_wconf 90' lang='lat' dir='ltr'>qui</span> <span class='ocrx_word' id='word_1_385' title='bbox 788 4877 874 4947; x_wconf 90' lang='lat' dir='ltr'>ipsum</span> <span class='ocrx_word' id='word_1_386' title='bbox 888 4879 978 4934; x_wconf 86' lang='lat' dir='ltr'>Domi-</span> 
     </span>
     <span class='ocr_line' id='line_1_53' title="bbox 195 4970 979 5039; baseline -0.001 -14"><span class='ocrx_word' id='word_1_387' title='bbox 195 4986 257 5025; x_wconf 89' lang='lat' dir='ltr'>uum</span> <span class='ocrx_word' id='word_1_388' title='bbox 279 4971 424 5038; x_wconf 80' lang='lat' dir='ltr'>majestatis</span> <span class='ocrx_word' id='word_1_389' title='bbox 444 4970 638 5039; x_wconf 76' lang='lat' dir='ltr'>scripturarum</span> <span class='ocrx_word' id='word_1_390' title='bbox 660 4970 817 5025; x_wconf 89' lang='lat' dir='ltr'>testimoniis</span> <span class='ocrx_word' id='word_1_391' title='bbox 836 4971 979 5039; x_wconf 74' lang='lat' dir='ltr'>appetivit?</span> 
     </span>
     <span class='ocr_line' id='line_1_54' title="bbox 196 5061 978 5131; baseline 0.001 -16"><span class='ocrx_word' id='word_1_392' title='bbox 196 5061 235 5126; x_wconf 87' lang='lat' dir='ltr'>Si,</span> <span class='ocrx_word' id='word_1_393' title='bbox 249 5062 342 5131; x_wconf 88' lang='lat' dir='ltr'>inquit,</span> <span class='ocrx_word' id='word_1_394' title='bbox 357 5063 425 5131; x_wconf 76' lang='lat' dir='ltr'>filius</span> <span class='ocrx_word' id='word_1_395' title='bbox 437 5062 484 5116; x_wconf 79' lang='lat' dir='ltr'>bet</span> <span class='ocrx_word' id='word_1_396' title='bbox 493 5080 528 5126; x_wconf 89' lang='lat' dir='ltr'>es,</span> <span class='ocrx_word' id='word_1_397' title='bbox 541 5064 644 5116; x_wconf 83' lang='lat' dir='ltr'>mittete</span> <span class='ocrx_word' id='word_1_398' title='bbox 656 5062 780 5115; x_wconf 85' lang='lat' dir='ltr'>deorsum.</span> <span class='ocrx_word' id='word_1_399' title='bbox 792 5061 895 5128; x_wconf 81' lang='lat' dir='ltr'>Quare?</span> <span class='ocrx_word' id='word_1_400' title='bbox 909 5061 978 5118; x_wconf 81' lang='lat' dir='ltr'>Scri·</span> 
     </span>
     <span class='ocr_line' id='line_1_55' title="bbox 197 5153 979 5224; baseline 0.008 -20"><span class='ocrx_word' id='word_1_401' title='bbox 197 5162 264 5223; x_wconf 84' lang='lat' dir='ltr'>ptum</span> <span class='ocrx_word' id='word_1_402' title='bbox 277 5163 312 5207; x_wconf 84' lang='lat' dir='ltr'>est</span> <span class='ocrx_word' id='word_1_403' title='bbox 329 5154 409 5219; x_wconf 83' lang='lat' dir='ltr'>cuins,</span> <span class='ocrx_word' id='word_1_404' title='bbox 424 5154 516 5223; x_wconf 85' lang='lat' dir='ltr'>iuquit.</span> <span class='ocrx_word' id='word_1_405' title='bbox 530 5155 687 5224; x_wconf 86' lang='lat' dir='ltr'>llagnoperc</span> <span class='ocrx_word' id='word_1_406' title='bbox 703 5153 779 5208; x_wconf 91' lang='lat' dir='ltr'>nobis</span> <span class='ocrx_word' id='word_1_407' title='bbox 792 5154 910 5208; x_wconf 88' lang='lat' dir='ltr'>doctrina</span> <span class='ocrx_word' id='word_1_408' title='bbox 929 5155 979 5210; x_wconf 88' lang='lat' dir='ltr'>loci</span> 
     </span>
     <span class='ocr_line' id='line_1_56' title="bbox 197 5241 980 5314; baseline 0 -16"><span class='ocrx_word' id='word_1_409' title='bbox 197 5241 271 5299; x_wconf 82' lang='lat' dir='ltr'>isb&#39;us</span> <span class='ocrx_word' id='word_1_410' title='bbox 283 5244 441 5299; x_wconf 86' lang='lat' dir='ltr'>attendenda</span> <span class='ocrx_word' id='word_1_411' title='bbox 456 5252 535 5314; x_wconf 90' lang='lat' dir='ltr'>atque</span> <span class='ocrx_word' id='word_1_412' title='bbox 544 5244 680 5300; x_wconf 87' lang='lat' dir='ltr'>retinenda</span> <span class='ocrx_word' id='word_1_413' title='bbox 697 5251 752 5310; x_wconf 90' lang='lat' dir='ltr'>est,</span> <span class='ocrx_word' id='word_1_414' title='bbox 767 5252 796 5298; x_wconf 93' lang='lat' dir='ltr'>ut</span> <span class='ocrx_word' id='word_1_415' title='bbox 809 5252 881 5298; x_wconf 90' lang='lat' dir='ltr'>tanto</span> <span class='ocrx_word' id='word_1_416' title='bbox 900 5259 980 5298; x_wconf 90' lang='lat' dir='ltr'>evan·</span> 
     </span>
     <span class='ocr_line' id='line_1_57' title="bbox 196 5332 980 5403; baseline 0.003 -17"><span class='ocrx_word' id='word_1_417' title='bbox 196 5332 286 5401; x_wconf 76' lang='lat' dir='ltr'>galicie</span> <span class='ocrx_word' id='word_1_418' title='bbox 295 5334 457 5389; x_wconf 76' lang='lat' dir='ltr'>auctoritatis</span> <span class='ocrx_word' id='word_1_419' title='bbox 467 5333 598 5403; x_wconf 88' lang='lat' dir='ltr'>exemplo,</span> <span class='ocrx_word' id='word_1_420' title='bbox 610 5333 714 5403; x_wconf 90' lang='lat' dir='ltr'>quando</span> <span class='ocrx_word' id='word_1_421' title='bbox 725 5333 827 5403; x_wconf 88' lang='lat' dir='ltr'>aliquos</span> <span class='ocrx_word' id='word_1_422' title='bbox 837 5333 980 5403; x_wconf 87' lang='lat' dir='ltr'>apostolica</span> 
     </span>
     <span class='ocr_line' id='line_1_58' title="bbox 198 5423 980 5494; baseline 0 -16"><span class='ocrx_word' id='word_1_423' title='bbox 198 5435 245 5478; x_wconf 82' lang='lat' dir='ltr'>scu</span> <span class='ocrx_word' id='word_1_424' title='bbox 254 5425 405 5494; x_wconf 90' lang='lat' dir='ltr'>prophetica</span> <span class='ocrx_word' id='word_1_425' title='bbox 414 5425 494 5480; x_wconf 84' lang='lat' dir='ltr'>rerba</span> <span class='ocrx_word' id='word_1_426' title='bbox 505 5423 622 5494; x_wconf 86' lang='lat' dir='ltr'>prolerre</span> <span class='ocrx_word' id='word_1_427' title='bbox 631 5433 722 5480; x_wconf 87' lang='lat' dir='ltr'>contra</span> <span class='ocrx_word' id='word_1_428' title='bbox 734 5424 890 5479; x_wconf 78' lang='lat' dir='ltr'>catholicam</span> <span class='ocrx_word' id='word_1_429' title='bbox 900 5423 980 5479; x_wconf 84' lang='lat' dir='ltr'>fldem</span> 
     </span>
     <span class='ocr_line' id='line_1_59' title="bbox 199 5513 979 5584; baseline 0.003 -20"><span class='ocrx_word' id='word_1_430' title='bbox 199 5513 350 5579; x_wconf 74' lang='lat' dir='ltr'>viderimus,</span> <span class='ocrx_word' id='word_1_431' title='bbox 363 5515 497 5570; x_wconf 89' lang='lat' dir='ltr'>diabolum</span> <span class='ocrx_word' id='word_1_432' title='bbox 506 5530 553 5584; x_wconf 88' lang='lat' dir='ltr'>per</span> <span class='ocrx_word' id='word_1_433' title='bbox 565 5530 611 5570; x_wconf 90' lang='lat' dir='ltr'>eos</span> <span class='ocrx_word' id='word_1_434' title='bbox 621 5515 692 5583; x_wconf 90' lang='lat' dir='ltr'>loqui</span> <span class='ocrx_word' id='word_1_435' title='bbox 702 5514 810 5569; x_wconf 89' lang='lat' dir='ltr'>minime</span> <span class='ocrx_word' id='word_1_436' title='bbox 819 5513 979 5568; x_wconf 84' lang='lat' dir='ltr'>dubitemus.</span> 
     </span>
     <span class='ocr_line' id='line_1_60' title="bbox 200 5599 981 5675; baseline 0 -17"><span class='ocrx_word' id='word_1_437' title='bbox 200 5599 265 5658; x_wconf 84' lang='lat' dir='ltr'>Nam</span> <span class='ocrx_word' id='word_1_438' title='bbox 276 5604 344 5659; x_wconf 87' lang='lat' dir='ltr'>sieut</span> <span class='ocrx_word' id='word_1_439' title='bbox 357 5612 417 5659; x_wconf 91' lang='lat' dir='ltr'>tunc</span> <span class='ocrx_word' id='word_1_440' title='bbox 430 5599 507 5673; x_wconf 88' lang='lat' dir='ltr'>caput</span> <span class='ocrx_word' id='word_1_441' title='bbox 519 5605 608 5672; x_wconf 88' lang='lat' dir='ltr'>capiti,</span> <span class='ocrx_word' id='word_1_442' title='bbox 619 5605 655 5659; x_wconf 88' lang='lat' dir='ltr'>ita</span> <span class='ocrx_word' id='word_1_443' title='bbox 668 5619 851 5675; x_wconf 83' lang='lat' dir='ltr'>huncquoque</span> <span class='ocrx_word' id='word_1_444' title='bbox 862 5603 981 5658; x_wconf 84' lang='lat' dir='ltr'>niembra</span> 
     </span>
    </p>
   </div>
   <div class='ocr_carea' id='block_1_7' title="bbox 1745 263 1797 316">
    <p class='ocr_par' dir='ltr' id='par_1_8' title="bbox 1745 263 1797 316">
     <span class='ocr_line' id='line_1_61' title="bbox 1745 263 1797 316; baseline 0.019 -1"><span class='ocrx_word' id='word_1_445' title='bbox 1745 263 1797 316; x_wconf 81' lang='lat' dir='ltr'>bil</span> 
     </span>
    </p>
   </div>
   <div class='ocr_carea' id='block_1_8' title="bbox 1022 380 1896 5225">
    <p class='ocr_par' dir='ltr' id='par_1_9' title="bbox 1022 380 1896 2794">
     <span class='ocr_line' id='line_1_62' title="bbox 1023 380 1802 451; baseline 0.024 -19"><span class='ocrx_word' id='word_1_446' title='bbox 1023 380 1149 434; x_wconf 89' lang='lat' dir='ltr'>membris</span> <span class='ocrx_word' id='word_1_447' title='bbox 1160 383 1311 450; x_wconf 78' lang='lat' dir='ltr'>loquuntur,</span> <span class='ocrx_word' id='word_1_448' title='bbox 1329 386 1445 439; x_wconf 88' lang='lat' dir='ltr'>membra</span> <span class='ocrx_word' id='word_1_449' title='bbox 1459 387 1558 443; x_wconf 90' lang='lat' dir='ltr'>seilicet</span> <span class='ocrx_word' id='word_1_450' title='bbox 1568 389 1664 444; x_wconf 90' lang='lat' dir='ltr'>diaboli</span> <span class='ocrx_word' id='word_1_451' title='bbox 1676 393 1802 451; x_wconf 83' lang='lat' dir='ltr'>ntembt&#39;is</span> 
     </span>
     <span class='ocr_line' id='line_1_63' title="bbox 1023 467 1802 549; baseline 0.027 -27"><span class='ocrx_word' id='word_1_452' title='bbox 1023 467 1131 532; x_wconf 87' lang='lat' dir='ltr'>Christi,</span> <span class='ocrx_word' id='word_1_453' title='bbox 1145 469 1237 537; x_wconf 85' lang='lat' dir='ltr'>perfidi</span> <span class='ocrx_word' id='word_1_454' title='bbox 1250 470 1379 536; x_wconf 67' lang='lat' dir='ltr'>fidelibus</span> <span class='ocrx_word' id='word_1_455' title='bbox 1389 477 1515 545; x_wconf 71' lang='lat' dir='ltr'>vsacrilegi</span> <span class='ocrx_word' id='word_1_456' title='bbox 1530 479 1669 549; x_wconf 74' lang='lat' dir='ltr'>religiosis,</span> <span class='ocrx_word' id='word_1_457' title='bbox 1682 482 1802 543; x_wconf 79' lang='lat' dir='ltr'>llaeredci</span> 
     </span>
     <span class='ocr_line' id='line_1_64' title="bbox 1023 562 1803 640; baseline 0.026 -28"><span class='ocrx_word' id='word_1_458' title='bbox 1023 569 1156 628; x_wconf 86' lang='lat' dir='ltr'>postremo</span> <span class='ocrx_word' id='word_1_459' title='bbox 1168 562 1317 618; x_wconf 80' lang='lat' dir='ltr'>Catholicis</span> <span class='ocrx_word' id='word_1_460' title='bbox 1331 565 1382 620; x_wconf 86' lang='lat' dir='ltr'>Sed</span> <span class='ocrx_word' id='word_1_461' title='bbox 1395 567 1456 636; x_wconf 90' lang='lat' dir='ltr'>quid</span> <span class='ocrx_word' id='word_1_462' title='bbox 1471 570 1576 624; x_wconf 75' lang='lat' dir='ltr'>candem</span> <span class='ocrx_word' id='word_1_463' title='bbox 1589 572 1694 628; x_wconf 91' lang='lat' dir='ltr'>dicunt?</span> <span class='ocrx_word' id='word_1_464' title='bbox 1707 574 1747 640; x_wconf 87' lang='lat' dir='ltr'>Si,</span> <span class='ocrx_word' id='word_1_465' title='bbox 1763 578 1803 633; x_wconf 90' lang='lat' dir='ltr'>in·</span> 
     </span>
     <span class='ocr_line' id='line_1_65' title="bbox 1022 651 1804 730; baseline 0.028 -28"><span class='ocrx_word' id='word_1_466' title='bbox 1022 651 1087 718; x_wconf 92' lang='lat' dir='ltr'>quit,</span> <span class='ocrx_word' id='word_1_467' title='bbox 1105 652 1173 720; x_wconf 72' lang='lat' dir='ltr'>filius</span> <span class='ocrx_word' id='word_1_468' title='bbox 1187 652 1234 707; x_wconf 85' lang='lat' dir='ltr'>Dei</span> <span class='ocrx_word' id='word_1_469' title='bbox 1248 670 1288 718; x_wconf 88' lang='lat' dir='ltr'>cs,</span> <span class='ocrx_word' id='word_1_470' title='bbox 1303 656 1371 709; x_wconf 85' lang='lat' dir='ltr'>mitte</span> <span class='ocrx_word' id='word_1_471' title='bbox 1383 667 1407 709; x_wconf 89' lang='lat' dir='ltr'>te</span> <span class='ocrx_word' id='word_1_472' title='bbox 1419 659 1550 726; x_wconf 85' lang='lat' dir='ltr'>deorsuut,·</span> <span class='ocrx_word' id='word_1_473' title='bbox 1566 660 1616 717; x_wconf 92' lang='lat' dir='ltr'>boc</span> <span class='ocrx_word' id='word_1_474' title='bbox 1628 671 1684 730; x_wconf 87' lang='lat' dir='ltr'>est,</span> <span class='ocrx_word' id='word_1_475' title='bbox 1698 666 1721 720; x_wconf 89' lang='lat' dir='ltr'>si</span> <span class='ocrx_word' id='word_1_476' title='bbox 1735 667 1804 725; x_wconf 84' lang='lat' dir='ltr'>lilius</span> 
     </span>
     <span class='ocr_line' id='line_1_66' title="bbox 1023 740 1801 828; baseline 0.03 -36"><span class='ocrx_word' id='word_1_477' title='bbox 1023 752 1082 793; x_wconf 85' lang='lat' dir='ltr'>esse</span> <span class='ocrx_word' id='word_1_478' title='bbox 1097 740 1137 794; x_wconf 88' lang='lat' dir='ltr'>vis</span> <span class='ocrx_word' id='word_1_479' title='bbox 1150 741 1197 796; x_wconf 87' lang='lat' dir='ltr'>llei</span> <span class='ocrx_word' id='word_1_480' title='bbox 1210 751 1237 797; x_wconf 93' lang='lat' dir='ltr'>et</span> <span class='ocrx_word' id='word_1_481' title='bbox 1257 742 1435 801; x_wconf 73' lang='lat' dir='ltr'>haereditatem</span> <span class='ocrx_word' id='word_1_482' title='bbox 1454 751 1527 820; x_wconf 85' lang='lat' dir='ltr'>regni</span> <span class='ocrx_word' id='word_1_483' title='bbox 1540 753 1654 809; x_wconf 79' lang='lat' dir='ltr'>ccelesiis</span> <span class='ocrx_word' id='word_1_484' title='bbox 1671 759 1801 828; x_wconf 88' lang='lat' dir='ltr'>accipere,</span> 
     </span>
     <span class='ocr_line' id='line_1_67' title="bbox 1023 827 1802 903; baseline 0.032 -24"><span class='ocrx_word' id='word_1_485' title='bbox 1023 827 1098 881; x_wconf 87' lang='lat' dir='ltr'>ntitte</span> <span class='ocrx_word' id='word_1_486' title='bbox 1111 837 1136 883; x_wconf 92' lang='lat' dir='ltr'>te</span> <span class='ocrx_word' id='word_1_487' title='bbox 1148 829 1287 897; x_wconf 87' lang='lat' dir='ltr'>deorsum,</span> <span class='ocrx_word' id='word_1_488' title='bbox 1302 834 1328 887; x_wconf 93' lang='lat' dir='ltr'>id</span> <span class='ocrx_word' id='word_1_489' title='bbox 1341 845 1390 896; x_wconf 84' lang='lat' dir='ltr'>est.</span> <span class='ocrx_word' id='word_1_490' title='bbox 1405 853 1437 891; x_wconf 85' lang='lat' dir='ltr'>er</span> <span class='ocrx_word' id='word_1_491' title='bbox 1451 840 1526 896; x_wconf 90' lang='lat' dir='ltr'>istius</span> <span class='ocrx_word' id='word_1_492' title='bbox 1540 851 1565 897; x_wconf 91' lang='lat' dir='ltr'>te</span> <span class='ocrx_word' id='word_1_493' title='bbox 1580 845 1699 900; x_wconf 88' lang='lat' dir='ltr'>sublimis</span> <span class='ocrx_word' id='word_1_494' title='bbox 1711 849 1802 903; x_wconf 87' lang='lat' dir='ltr'>Eccle-</span> 
     </span>
     <span class='ocr_line' id='line_1_68' title="bbox 1023 918 1804 998; baseline 0.032 -28"><span class='ocrx_word' id='word_1_495' title='bbox 1023 918 1078 983; x_wconf 83' lang='lat' dir='ltr'>siae,</span> <span class='ocrx_word' id='word_1_496' title='bbox 1092 934 1151 988; x_wconf 83' lang='lat' dir='ltr'>quse</span> <span class='ocrx_word' id='word_1_497' title='bbox 1163 921 1242 975; x_wconf 87' lang='lat' dir='ltr'>etiam</span> <span class='ocrx_word' id='word_1_498' title='bbox 1255 925 1380 992; x_wconf 90' lang='lat' dir='ltr'>templum</span> <span class='ocrx_word' id='word_1_499' title='bbox 1393 928 1439 981; x_wconf 86' lang='lat' dir='ltr'>Dei</span> <span class='ocrx_word' id='word_1_500' title='bbox 1452 940 1567 998; x_wconf 89' lang='lat' dir='ltr'>putatur,</span> <span class='ocrx_word' id='word_1_501' title='bbox 1581 934 1699 990; x_wconf 84' lang='lat' dir='ltr'>doctrina</span> <span class='ocrx_word' id='word_1_502' title='bbox 1711 947 1738 994; x_wconf 87' lang='lat' dir='ltr'>et</span> <span class='ocrx_word' id='word_1_503' title='bbox 1751 947 1804 995; x_wconf 87' lang='lat' dir='ltr'>tra·</span> 
     </span>
     <span class='ocr_line' id='line_1_69' title="bbox 1023 1006 1803 1094; baseline 0.032 -35"><span class='ocrx_word' id='word_1_504' title='bbox 1023 1006 1122 1062; x_wconf 89' lang='lat' dir='ltr'>ditione</span> <span class='ocrx_word' id='word_1_505' title='bbox 1135 1008 1252 1066; x_wconf 87' lang='lat' dir='ltr'>demitte.</span> <span class='ocrx_word' id='word_1_506' title='bbox 1266 1012 1305 1067; x_wconf 89' lang='lat' dir='ltr'>Ac</span> <span class='ocrx_word' id='word_1_507' title='bbox 1321 1015 1344 1068; x_wconf 85' lang='lat' dir='ltr'>si</span> <span class='ocrx_word' id='word_1_508' title='bbox 1359 1016 1417 1083; x_wconf 91' lang='lat' dir='ltr'>quis</span> <span class='ocrx_word' id='word_1_509' title='bbox 1430 1018 1573 1089; x_wconf 84' lang='lat' dir='ltr'>interroget</span> <span class='ocrx_word' id='word_1_510' title='bbox 1585 1027 1733 1094; x_wconf 86' lang='lat' dir='ltr'>quempiam</span> <span class='ocrx_word' id='word_1_511' title='bbox 1747 1028 1803 1083; x_wconf 77' lang='lat' dir='ltr'>bar-</span> 
     </span>
     <span class='ocr_line' id='line_1_70' title="bbox 1023 1098 1805 1182; baseline 0.029 -31"><span class='ocrx_word' id='word_1_512' title='bbox 1023 1098 1164 1153; x_wconf 88' lang='lat' dir='ltr'>retieorum</span> <span class='ocrx_word' id='word_1_513' title='bbox 1174 1101 1224 1155; x_wconf 91' lang='lat' dir='ltr'>sibi</span> <span class='ocrx_word' id='word_1_514' title='bbox 1235 1103 1295 1157; x_wconf 85' lang='lat' dir='ltr'>talia</span> <span class='ocrx_word' id='word_1_515' title='bbox 1306 1106 1504 1171; x_wconf 86' lang='lat' dir='ltr'>persuadentem</span> <span class='ocrx_word' id='word_1_516' title='bbox 1515 1128 1521 1162; x_wconf 88' lang='lat'>:</span> <span class='ocrx_word' id='word_1_517' title='bbox 1534 1111 1607 1166; x_wconf 84' lang='lat' dir='ltr'>Unde</span> <span class='ocrx_word' id='word_1_518' title='bbox 1619 1116 1724 1182; x_wconf 88' lang='lat' dir='ltr'>probas,</span> <span class='ocrx_word' id='word_1_519' title='bbox 1735 1120 1805 1174; x_wconf 84' lang='lat' dir='ltr'>undo</span> 
     </span>
     <span class='ocr_line' id='line_1_71' title="bbox 1023 1186 1804 1263; baseline 0.028 -22"><span class='ocrx_word' id='word_1_520' title='bbox 1023 1186 1102 1243; x_wconf 89' lang='lat' dir='ltr'>doces</span> <span class='ocrx_word' id='word_1_521' title='bbox 1119 1189 1190 1258; x_wconf 88' lang='lat' dir='ltr'>quod</span> <span class='ocrx_word' id='word_1_522' title='bbox 1206 1192 1332 1248; x_wconf 76' lang='lat' dir='ltr'>Ecclesia</span> <span class='ocrx_word' id='word_1_523' title='bbox 1347 1193 1488 1252; x_wconf 67' lang='lat' dir='ltr'>Catholicae</span> <span class='ocrx_word' id='word_1_524' title='bbox 1507 1203 1680 1259; x_wconf 79' lang='lat' dir='ltr'>universalem</span> <span class='ocrx_word' id='word_1_525' title='bbox 1693 1215 1720 1260; x_wconf 91' lang='lat' dir='ltr'>ct</span> <span class='ocrx_word' id='word_1_526' title='bbox 1736 1211 1804 1263; x_wconf 90' lang='lat' dir='ltr'>anti-</span> 
     </span>
     <span class='ocr_line' id='line_1_72' title="bbox 1023 1277 1806 1365; baseline 0.027 -36"><span class='ocrx_word' id='word_1_527' title='bbox 1023 1290 1102 1344; x_wconf 89' lang='lat' dir='ltr'>quam</span> <span class='ocrx_word' id='word_1_528' title='bbox 1115 1277 1194 1334; x_wconf 88' lang='lat' dir='ltr'>tidem</span> <span class='ocrx_word' id='word_1_529' title='bbox 1206 1281 1338 1338; x_wconf 89' lang='lat' dir='ltr'>dimittere</span> <span class='ocrx_word' id='word_1_530' title='bbox 1350 1284 1480 1341; x_wconf 85' lang='lat' dir='ltr'>debeam?</span> <span class='ocrx_word' id='word_1_531' title='bbox 1493 1291 1580 1344; x_wconf 89' lang='lat' dir='ltr'>statim</span> <span class='ocrx_word' id='word_1_532' title='bbox 1597 1292 1640 1347; x_wconf 89' lang='lat' dir='ltr'>illc</span> <span class='ocrx_word' id='word_1_533' title='bbox 1654 1311 1661 1347; x_wconf 77' lang='grc' dir='ltr'>ε</span> <span class='ocrx_word' id='word_1_534' title='bbox 1677 1294 1806 1365; x_wconf 84' lang='lat' dir='ltr'>Scriptum</span> 
     </span>
     <span class='ocr_line' id='line_1_73' title="bbox 1023 1370 1804 1456; baseline 0.028 -36"><span class='ocrx_word' id='word_1_535' title='bbox 1023 1379 1058 1421; x_wconf 84' lang='lat' dir='ltr'>est</span> <span class='ocrx_word' id='word_1_536' title='bbox 1071 1370 1146 1423; x_wconf 80' lang='lat' dir='ltr'>erim.</span> <span class='ocrx_word' id='word_1_537' title='bbox 1162 1371 1194 1425; x_wconf 91' lang='lat' dir='ltr'>Et</span> <span class='ocrx_word' id='word_1_538' title='bbox 1203 1374 1327 1431; x_wconf 89' lang='lat' dir='ltr'>contiuuo</span> <span class='ocrx_word' id='word_1_539' title='bbox 1336 1378 1408 1437; x_wconf 89' lang='lat' dir='ltr'>mille</span> <span class='ocrx_word' id='word_1_540' title='bbox 1420 1380 1580 1447; x_wconf 88' lang='lat' dir='ltr'>testimonia,</span> <span class='ocrx_word' id='word_1_541' title='bbox 1595 1384 1665 1438; x_wconf 91' lang='lat' dir='ltr'>mille</span> <span class='ocrx_word' id='word_1_542' title='bbox 1675 1389 1804 1456; x_wconf 80' lang='lat' dir='ltr'>exempla,</span> 
     </span>
     <span class='ocr_line' id='line_1_74' title="bbox 1024 1457 1805 1546; baseline 0.028 -37"><span class='ocrx_word' id='word_1_543' title='bbox 1024 1457 1095 1511; x_wconf 89' lang='lat' dir='ltr'>nrille</span> <span class='ocrx_word' id='word_1_544' title='bbox 1107 1461 1278 1519; x_wconf 74' lang='lat' dir='ltr'>auuorltates</span> <span class='ocrx_word' id='word_1_545' title='bbox 1287 1474 1362 1532; x_wconf 88' lang='lat' dir='ltr'>parat</span> <span class='ocrx_word' id='word_1_546' title='bbox 1374 1466 1406 1521; x_wconf 92' lang='lat' dir='ltr'>de</span> <span class='ocrx_word' id='word_1_547' title='bbox 1424 1468 1491 1538; x_wconf 86' lang='lat' dir='ltr'>lege,</span> <span class='ocrx_word' id='word_1_548' title='bbox 1508 1469 1541 1525; x_wconf 92' lang='lat' dir='ltr'>de</span> <span class='ocrx_word' id='word_1_549' title='bbox 1553 1471 1673 1538; x_wconf 76' lang='lat' dir='ltr'>l&#39;sabnis,</span> <span class='ocrx_word' id='word_1_550' title='bbox 1687 1474 1721 1530; x_wconf 90' lang='lat' dir='ltr'>de</span> <span class='ocrx_word' id='word_1_551' title='bbox 1733 1477 1805 1546; x_wconf 86' lang='lat' dir='ltr'>Apo-</span> 
     </span>
     <span class='ocr_line' id='line_1_75' title="bbox 1023 1545 1805 1626; baseline 0.028 -24"><span class='ocrx_word' id='word_1_552' title='bbox 1023 1545 1108 1616; x_wconf 84' lang='lat' dir='ltr'>s&#39;tolis,</span> <span class='ocrx_word' id='word_1_553' title='bbox 1119 1550 1152 1605; x_wconf 91' lang='lat' dir='ltr'>de</span> <span class='ocrx_word' id='word_1_554' title='bbox 1164 1550 1312 1626; x_wconf 75' lang='lat' dir='ltr'>l&#39;ropbetis,</span> <span class='ocrx_word' id='word_1_555' title='bbox 1323 1556 1417 1625; x_wconf 92' lang='lat' dir='ltr'>quibus</span> <span class='ocrx_word' id='word_1_556' title='bbox 1430 1575 1498 1615; x_wconf 86' lang='lat' dir='ltr'>novo</span> <span class='ocrx_word' id='word_1_557' title='bbox 1511 1570 1538 1616; x_wconf 89' lang='lat' dir='ltr'>et</span> <span class='ocrx_word' id='word_1_558' title='bbox 1550 1563 1619 1619; x_wconf 91' lang='lat' dir='ltr'>malo</span> <span class='ocrx_word' id='word_1_559' title='bbox 1632 1580 1706 1621; x_wconf 89' lang='lat' dir='ltr'>more</span> <span class='ocrx_word' id='word_1_560' title='bbox 1723 1567 1805 1623; x_wconf 89' lang='lat' dir='ltr'>inter-</span> 
     </span>
     <span class='ocr_line' id='line_1_76' title="bbox 1023 1639 1805 1710; baseline 0.027 -20"><span class='ocrx_word' id='word_1_561' title='bbox 1023 1639 1141 1706; x_wconf 90' lang='lat' dir='ltr'>pretatis,</span> <span class='ocrx_word' id='word_1_562' title='bbox 1155 1655 1188 1694; x_wconf 83' lang='lat' dir='ltr'>ex</span> <span class='ocrx_word' id='word_1_563' title='bbox 1201 1656 1262 1697; x_wconf 88' lang='lat' dir='ltr'>aree</span> <span class='ocrx_word' id='word_1_564' title='bbox 1274 1644 1402 1700; x_wconf 89' lang='lat' dir='ltr'>catholica</span> <span class='ocrx_word' id='word_1_565' title='bbox 1416 1648 1441 1701; x_wconf 89' lang='lat' dir='ltr'>in</span> <span class='ocrx_word' id='word_1_566' title='bbox 1455 1647 1587 1706; x_wconf 75' lang='lat' dir='ltr'>hereseos</span> <span class='ocrx_word' id='word_1_567' title='bbox 1599 1651 1751 1710; x_wconf 88' lang='lat' dir='ltr'>barathrum</span> <span class='ocrx_word' id='word_1_568' title='bbox 1764 1657 1805 1710; x_wconf 89' lang='lat' dir='ltr'>iu-</span> 
     </span>
     <span class='ocr_line' id='line_1_77' title="bbox 1024 1724 1807 1813; baseline 0.028 -34"><span class='ocrx_word' id='word_1_569' title='bbox 1024 1724 1085 1781; x_wconf 85' lang='lat' dir='ltr'>lelix</span> <span class='ocrx_word' id='word_1_570' title='bbox 1094 1729 1181 1783; x_wconf 77' lang='lat' dir='ltr'>anina</span> <span class='ocrx_word' id='word_1_571' title='bbox 1191 1732 1376 1801; x_wconf 77' lang='lat' dir='ltr'>precipitetur.</span> <span class='ocrx_word' id='word_1_572' title='bbox 1390 1735 1448 1789; x_wconf 84' lang='lat' dir='ltr'>Janr</span> <span class='ocrx_word' id='word_1_573' title='bbox 1458 1753 1521 1793; x_wconf 89' lang='lat' dir='ltr'>vcro</span> <span class='ocrx_word' id='word_1_574' title='bbox 1530 1740 1581 1794; x_wconf 90' lang='lat' dir='ltr'>illis</span> <span class='ocrx_word' id='word_1_575' title='bbox 1592 1757 1652 1810; x_wconf 80' lang='lat' dir='ltr'>quar</span> <span class='ocrx_word' id='word_1_576' title='bbox 1662 1754 1807 1813; x_wconf 90' lang='lat' dir='ltr'>sequuntur</span> 
     </span>
     <span class='ocr_line' id='line_1_78' title="bbox 1024 1819 1806 1890; baseline 0.027 -21"><span class='ocrx_word' id='word_1_577' title='bbox 1024 1819 1240 1884; x_wconf 84' lang='lat' dir='ltr'>promissionibus</span> <span class='ocrx_word' id='word_1_578' title='bbox 1253 1821 1320 1876; x_wconf 90' lang='lat' dir='ltr'>miro</span> <span class='ocrx_word' id='word_1_579' title='bbox 1333 1823 1411 1878; x_wconf 91' lang='lat' dir='ltr'>modo</span> <span class='ocrx_word' id='word_1_580' title='bbox 1424 1825 1541 1882; x_wconf 90' lang='lat' dir='ltr'>incautos</span> <span class='ocrx_word' id='word_1_581' title='bbox 1552 1828 1671 1886; x_wconf 90' lang='lat' dir='ltr'>homines</span> <span class='ocrx_word' id='word_1_582' title='bbox 1685 1832 1806 1890; x_wconf 78' lang='lat' dir='ltr'>lleretici</span> 
     </span>
     <span class='ocr_line' id='line_1_79' title="bbox 1024 1908 1807 1992; baseline 0.024 -30"><span class='ocrx_word' id='word_1_583' title='bbox 1024 1908 1146 1978; x_wconf 88' lang='lat' dir='ltr'>decipere</span> <span class='ocrx_word' id='word_1_584' title='bbox 1167 1923 1369 1968; x_wconf 89' lang='lat' dir='ltr'>consueverunt.</span> <span class='ocrx_word' id='word_1_585' title='bbox 1393 1918 1498 1972; x_wconf 87' lang='lat' dir='ltr'>Audeat</span> <span class='ocrx_word' id='word_1_586' title='bbox 1522 1922 1620 1976; x_wconf 88' lang='lat' dir='ltr'>etenim</span> <span class='ocrx_word' id='word_1_587' title='bbox 1641 1924 1758 1992; x_wconf 88' lang='lat' dir='ltr'>polliceri</span> <span class='ocrx_word' id='word_1_588' title='bbox 1780 1938 1807 1981; x_wconf 92' lang='lat' dir='ltr'>et</span> 
     </span>
     <span class='ocr_line' id='line_1_80' title="bbox 1024 1996 1807 2074; baseline 0.029 -23"><span class='ocrx_word' id='word_1_589' title='bbox 1024 1996 1120 2053; x_wconf 91' lang='lat' dir='ltr'>docere</span> <span class='ocrx_word' id='word_1_590' title='bbox 1138 2001 1207 2069; x_wconf 90' lang='lat' dir='ltr'>quod</span> <span class='ocrx_word' id='word_1_591' title='bbox 1226 2002 1252 2057; x_wconf 94' lang='lat' dir='ltr'>in</span> <span class='ocrx_word' id='word_1_592' title='bbox 1273 2004 1390 2060; x_wconf 86' lang='lat' dir='ltr'>Ecclesia</span> <span class='ocrx_word' id='word_1_593' title='bbox 1404 2022 1461 2072; x_wconf 92' lang='lat' dir='ltr'>sua,</span> <span class='ocrx_word' id='word_1_594' title='bbox 1474 2008 1561 2074; x_wconf 87' lang='lat' dir='ltr'>idest,</span> <span class='ocrx_word' id='word_1_595' title='bbox 1576 2012 1807 2074; x_wconf 77' lang='lat' dir='ltr'>incommunicatis</span> 
     </span>
     <span class='ocr_line' id='line_1_81' title="bbox 1024 2090 1808 2174; baseline 0.026 -32"><span class='ocrx_word' id='word_1_596' title='bbox 1024 2102 1079 2142; x_wconf 74' lang='lat' dir='ltr'>suae</span> <span class='ocrx_word' id='word_1_597' title='bbox 1090 2090 1286 2157; x_wconf 90' lang='lat' dir='ltr'>conventiculo,</span> <span class='ocrx_word' id='word_1_598' title='bbox 1301 2109 1395 2164; x_wconf 86' lang='lat' dir='ltr'>magna</span> <span class='ocrx_word' id='word_1_599' title='bbox 1410 2104 1437 2151; x_wconf 89' lang='lat' dir='ltr'>et</span> <span class='ocrx_word' id='word_1_600' title='bbox 1449 2100 1569 2167; x_wconf 89' lang='lat' dir='ltr'>specialis</span> <span class='ocrx_word' id='word_1_601' title='bbox 1581 2116 1612 2156; x_wconf 87' lang='lat' dir='ltr'>ac</span> <span class='ocrx_word' id='word_1_602' title='bbox 1628 2104 1705 2173; x_wconf 91' lang='lat' dir='ltr'>plane</span> <span class='ocrx_word' id='word_1_603' title='bbox 1717 2121 1808 2174; x_wconf 73' lang='lat' dir='ltr'>perse</span> 
     </span>
     <span class='ocr_line' id='line_1_82' title="bbox 1024 2180 1806 2264; baseline 0.027 -32"><span class='ocrx_word' id='word_1_604' title='bbox 1024 2180 1223 2249; x_wconf 86' lang='lat' dir='ltr'>nalisquaedam</span> <span class='ocrx_word' id='word_1_605' title='bbox 1236 2184 1271 2238; x_wconf 89' lang='lat' dir='ltr'>sit</span> <span class='ocrx_word' id='word_1_606' title='bbox 1283 2184 1329 2240; x_wconf 90' lang='lat' dir='ltr'>Dei</span> <span class='ocrx_word' id='word_1_607' title='bbox 1341 2188 1437 2255; x_wconf 85' lang='lat' dir='ltr'>gratia.</span> <span class='ocrx_word' id='word_1_608' title='bbox 1449 2189 1514 2246; x_wconf 89' lang='lat' dir='ltr'>adeo</span> <span class='ocrx_word' id='word_1_609' title='bbox 1528 2199 1557 2246; x_wconf 90' lang='lat' dir='ltr'>ut</span> <span class='ocrx_word' id='word_1_610' title='bbox 1572 2193 1629 2248; x_wconf 91' lang='lat' dir='ltr'>sinc</span> <span class='ocrx_word' id='word_1_611' title='bbox 1639 2195 1694 2251; x_wconf 90' lang='lat' dir='ltr'>ullo</span> <span class='ocrx_word' id='word_1_612' title='bbox 1707 2197 1806 2264; x_wconf 92' lang='lat' dir='ltr'>labore,</span> 
     </span>
     <span class='ocr_line' id='line_1_83' title="bbox 1024 2268 1896 2356; baseline 0.029 -33"><span class='ocrx_word' id='word_1_613' title='bbox 1024 2268 1082 2325; x_wconf 91' lang='lat' dir='ltr'>siue</span> <span class='ocrx_word' id='word_1_614' title='bbox 1099 2271 1153 2326; x_wconf 91' lang='lat' dir='ltr'>ullo</span> <span class='ocrx_word' id='word_1_615' title='bbox 1165 2273 1267 2336; x_wconf 91' lang='lat' dir='ltr'>studio,</span> <span class='ocrx_word' id='word_1_616' title='bbox 1286 2275 1343 2330; x_wconf 89' lang='lat' dir='ltr'>sine</span> <span class='ocrx_word' id='word_1_617' title='bbox 1361 2278 1412 2331; x_wconf 92' lang='lat' dir='ltr'>ulla</span> <span class='ocrx_word' id='word_1_618' title='bbox 1429 2278 1570 2348; x_wconf 76' lang='lat' dir='ltr'>Industria,</span> <span class='ocrx_word' id='word_1_619' title='bbox 1586 2284 1687 2340; x_wconf 87' lang='lat' dir='ltr'>etiarnsi</span> <span class='ocrx_word' id='word_1_620' title='bbox 1701 2302 1751 2341; x_wconf 88' lang='lat' dir='ltr'>uec</span> <span class='ocrx_word' id='word_1_621' title='bbox 1762 2303 1808 2356; x_wconf 79' lang='lat' dir='ltr'>pe</span> <span class='ocrx_word' id='word_1_622' title='bbox 1892 2342 1896 2348; x_wconf 87' lang='lat'><em>.</em></span> 
     </span>
     <span class='ocr_line' id='line_1_84' title="bbox 1025 2367 1808 2442; baseline 0.023 -29"><span class='ocrx_word' id='word_1_623' title='bbox 1025 2367 1090 2428; x_wconf 90' lang='lat' dir='ltr'>tant,</span> <span class='ocrx_word' id='word_1_624' title='bbox 1105 2376 1294 2433; x_wconf 74' lang='lat' dir='ltr'>necquerant,</span> <span class='ocrx_word' id='word_1_625' title='bbox 1305 2380 1355 2421; x_wconf 90' lang='lat' dir='ltr'>uec</span> <span class='ocrx_word' id='word_1_626' title='bbox 1370 2368 1482 2436; x_wconf 77' lang='lat' dir='ltr'>pulsarit,</span> <span class='ocrx_word' id='word_1_627' title='bbox 1490 2371 1647 2442; x_wconf 87' lang='lat' dir='ltr'>quicumque</span> <span class='ocrx_word' id='word_1_628' title='bbox 1661 2375 1697 2429; x_wconf 91' lang='lat' dir='ltr'>illi</span> <span class='ocrx_word' id='word_1_629' title='bbox 1712 2376 1744 2430; x_wconf 88' lang='lat' dir='ltr'>ad</span> <span class='ocrx_word' id='word_1_630' title='bbox 1758 2393 1808 2430; x_wconf 90' lang='lat' dir='ltr'>nu-</span> 
     </span>
     <span class='ocr_line' id='line_1_85' title="bbox 1024 2454 1811 2532; baseline 0.02 -28"><span class='ocrx_word' id='word_1_631' title='bbox 1024 2467 1127 2506; x_wconf 88' lang='lat' dir='ltr'>merum</span> <span class='ocrx_word' id='word_1_632' title='bbox 1140 2467 1217 2506; x_wconf 89' lang='lat' dir='ltr'>suum</span> <span class='ocrx_word' id='word_1_633' title='bbox 1227 2454 1369 2521; x_wconf 88' lang='lat' dir='ltr'>pertinent,</span> <span class='ocrx_word' id='word_1_634' title='bbox 1383 2465 1470 2512; x_wconf 88' lang='lat' dir='ltr'>tamen</span> <span class='ocrx_word' id='word_1_635' title='bbox 1481 2460 1516 2512; x_wconf 91' lang='lat' dir='ltr'>ita</span> <span class='ocrx_word' id='word_1_636' title='bbox 1526 2459 1649 2517; x_wconf 76' lang='lat' dir='ltr'>divinitus</span> <span class='ocrx_word' id='word_1_637' title='bbox 1660 2463 1811 2532; x_wconf 88' lang='lat' dir='ltr'>dispensen-</span> 
     </span>
     <span class='ocr_line' id='line_1_86' title="bbox 1026 2542 1809 2623; baseline 0.018 -30"><span class='ocrx_word' id='word_1_638' title='bbox 1026 2548 1068 2594; x_wconf 91' lang='lat' dir='ltr'>tur</span> <span class='ocrx_word' id='word_1_639' title='bbox 1081 2549 1109 2595; x_wconf 93' lang='lat' dir='ltr'>ut</span> <span class='ocrx_word' id='word_1_640' title='bbox 1121 2542 1246 2611; x_wconf 73' lang='lat' dir='ltr'>angelicis</span> <span class='ocrx_word' id='word_1_641' title='bbox 1257 2544 1342 2598; x_wconf 89' lang='lat' dir='ltr'>evecti</span> <span class='ocrx_word' id='word_1_642' title='bbox 1360 2546 1494 2612; x_wconf 85' lang='lat' dir='ltr'>manibus,</span> <span class='ocrx_word' id='word_1_643' title='bbox 1515 2548 1540 2602; x_wconf 89' lang='lat' dir='ltr'>id</span> <span class='ocrx_word' id='word_1_644' title='bbox 1557 2559 1607 2613; x_wconf 89' lang='lat' dir='ltr'>est,</span> <span class='ocrx_word' id='word_1_645' title='bbox 1618 2552 1735 2619; x_wconf 78' lang='lat' dir='ltr'>angelica</span> <span class='ocrx_word' id='word_1_646' title='bbox 1749 2569 1809 2623; x_wconf 90' lang='lat' dir='ltr'>pro-</span> 
     </span>
     <span class='ocr_line' id='line_1_87' title="bbox 1026 2629 1810 2711; baseline 0.018 -29"><span class='ocrx_word' id='word_1_647' title='bbox 1026 2629 1140 2684; x_wconf 87' lang='lat' dir='ltr'>tectione</span> <span class='ocrx_word' id='word_1_648' title='bbox 1146 2631 1393 2701; x_wconf 87' lang='lat' dir='ltr'>servati,nunquam</span> <span class='ocrx_word' id='word_1_649' title='bbox 1402 2636 1503 2702; x_wconf 90' lang='lat' dir='ltr'>possint</span> <span class='ocrx_word' id='word_1_650' title='bbox 1512 2637 1644 2694; x_wconf 89' lang='lat' dir='ltr'>ollendere</span> <span class='ocrx_word' id='word_1_651' title='bbox 1654 2641 1687 2694; x_wconf 89' lang='lat' dir='ltr'>ad</span> <span class='ocrx_word' id='word_1_652' title='bbox 1697 2642 1810 2711; x_wconf 86' lang='lat' dir='ltr'>lapident</span> 
     </span>
     <span class='ocr_line' id='line_1_88' title="bbox 1026 2720 1658 2794; baseline 0.011 -19"><span class='ocrx_word' id='word_1_653' title='bbox 1026 2720 1120 2788; x_wconf 77' lang='lat' dir='ltr'>pedem</span> <span class='ocrx_word' id='word_1_654' title='bbox 1129 2736 1216 2786; x_wconf 88' lang='lat' dir='ltr'>suum,</span> <span class='ocrx_word' id='word_1_655' title='bbox 1231 2721 1257 2775; x_wconf 91' lang='lat' dir='ltr'>id</span> <span class='ocrx_word' id='word_1_656' title='bbox 1269 2730 1319 2788; x_wconf 92' lang='lat' dir='ltr'>est,</span> <span class='ocrx_word' id='word_1_657' title='bbox 1331 2726 1464 2794; x_wconf 80' lang='lat' dir='ltr'>nunquam</span> <span class='ocrx_word' id='word_1_658' title='bbox 1477 2727 1658 2783; x_wconf 87' lang='lat' dir='ltr'>scandalizari.</span> 
     </span>
    </p>

    <p class='ocr_par' dir='ltr' id='par_1_10' title="bbox 1027 2808 1817 5225">
     <span class='ocr_line' id='line_1_89' title="bbox 1062 2808 1810 2887; baseline 0.02 -26"><span class='ocrx_word' id='word_1_659' title='bbox 1062 2808 1166 2864; x_wconf 76' lang='lat' dir='ltr'>XXl&#39;ll.</span> <span class='ocrx_word' id='word_1_660' title='bbox 1185 2809 1237 2865; x_wconf 88' lang='lat' dir='ltr'>Sed</span> <span class='ocrx_word' id='word_1_661' title='bbox 1250 2810 1321 2866; x_wconf 88' lang='lat' dir='ltr'>dicet</span> <span class='ocrx_word' id='word_1_662' title='bbox 1332 2813 1427 2882; x_wconf 86' lang='lat' dir='ltr'>aliquis</span> <span class='ocrx_word' id='word_1_663' title='bbox 1442 2832 1447 2868; x_wconf 94' lang='lat'><strong>:</strong></span> <span class='ocrx_word' id='word_1_664' title='bbox 1460 2814 1489 2870; x_wconf 88' lang='lat' dir='ltr'>Si</span> <span class='ocrx_word' id='word_1_665' title='bbox 1501 2816 1597 2871; x_wconf 91' lang='lat' dir='ltr'>divinis</span> <span class='ocrx_word' id='word_1_666' title='bbox 1609 2818 1734 2887; x_wconf 70' lang='lat' dir='ltr'>eloquiis,</span> <span class='ocrx_word' id='word_1_667' title='bbox 1747 2835 1810 2876; x_wconf 85' lang='lat' dir='ltr'>sen·</span> 
     </span>
     <span class='ocr_line' id='line_1_90' title="bbox 1028 2903 1811 2981; baseline 0.011 -23"><span class='ocrx_word' id='word_1_668' title='bbox 1028 2905 1129 2971; x_wconf 81' lang='lat' dir='ltr'>tenuis,</span> <span class='ocrx_word' id='word_1_669' title='bbox 1150 2903 1374 2974; x_wconf 78' lang='lat' dir='ltr'>promissionibus</span> <span class='ocrx_word' id='word_1_670' title='bbox 1386 2915 1413 2960; x_wconf 90' lang='lat' dir='ltr'>et</span> <span class='ocrx_word' id='word_1_671' title='bbox 1429 2906 1553 2961; x_wconf 86' lang='lat' dir='ltr'>Diabolus</span> <span class='ocrx_word' id='word_1_672' title='bbox 1570 2916 1597 2963; x_wconf 92' lang='lat' dir='ltr'>ct</span> <span class='ocrx_word' id='word_1_673' title='bbox 1616 2908 1736 2978; x_wconf 91' lang='lat' dir='ltr'>discipuli</span> <span class='ocrx_word' id='word_1_674' title='bbox 1753 2910 1811 2981; x_wconf 78' lang='lat' dir='ltr'>elas</span> 
     </span>
     <span class='ocr_line' id='line_1_91' title="bbox 1027 2998 1812 3068; baseline 0.009 -19"><span class='ocrx_word' id='word_1_675' title='bbox 1027 3003 1143 3062; x_wconf 91' lang='lat' dir='ltr'>utuntur,</span> <span class='ocrx_word' id='word_1_676' title='bbox 1157 3013 1270 3068; x_wconf 90' lang='lat' dir='ltr'>quorum</span> <span class='ocrx_word' id='word_1_677' title='bbox 1279 2999 1323 3052; x_wconf 90' lang='lat' dir='ltr'>alii</span> <span class='ocrx_word' id='word_1_678' title='bbox 1336 3005 1397 3053; x_wconf 86' lang='lat' dir='ltr'>sunt</span> <span class='ocrx_word' id='word_1_679' title='bbox 1411 2998 1632 3068; x_wconf 87' lang='lat' dir='ltr'>pseudoapostoli,</span> <span class='ocrx_word' id='word_1_680' title='bbox 1645 3000 1688 3054; x_wconf 90' lang='lat' dir='ltr'>alii</span> <span class='ocrx_word' id='word_1_681' title='bbox 1702 3002 1812 3068; x_wconf 81' lang='lat' dir='ltr'>pseudo</span> 
     </span>
     <span class='ocr_line' id='line_1_92' title="bbox 1028 3087 1810 3158; baseline 0.004 -17"><span class='ocrx_word' id='word_1_682' title='bbox 1028 3087 1162 3156; x_wconf 74' lang='lat' dir='ltr'>prophete</span> <span class='ocrx_word' id='word_1_683' title='bbox 1173 3096 1199 3143; x_wconf 90' lang='lat' dir='ltr'>et</span> <span class='ocrx_word' id='word_1_684' title='bbox 1211 3088 1446 3158; x_wconf 76' lang='lat' dir='ltr'>pseudomagistri,</span> <span class='ocrx_word' id='word_1_685' title='bbox 1461 3097 1488 3143; x_wconf 91' lang='lat' dir='ltr'>ct</span> <span class='ocrx_word' id='word_1_686' title='bbox 1498 3103 1591 3143; x_wconf 88' lang='lat' dir='ltr'>omncs</span> <span class='ocrx_word' id='word_1_687' title='bbox 1604 3105 1637 3144; x_wconf 86' lang='lat' dir='ltr'>ex</span> <span class='ocrx_word' id='word_1_688' title='bbox 1651 3097 1707 3144; x_wconf 89' lang='lat' dir='ltr'>toto</span> <span class='ocrx_word' id='word_1_689' title='bbox 1719 3091 1810 3145; x_wconf 79' lang='lat' dir='ltr'>llere-</span> 
     </span>
     <span class='ocr_line' id='line_1_93' title="bbox 1028 3176 1812 3246; baseline 0.004 -16"><span class='ocrx_word' id='word_1_690' title='bbox 1028 3177 1083 3241; x_wconf 90' lang='lat' dir='ltr'>tici,</span> <span class='ocrx_word' id='word_1_691' title='bbox 1097 3178 1160 3246; x_wconf 93' lang='lat' dir='ltr'>quid</span> <span class='ocrx_word' id='word_1_692' title='bbox 1171 3176 1268 3232; x_wconf 80' lang='lat' dir='ltr'>socient</span> <span class='ocrx_word' id='word_1_693' title='bbox 1276 3177 1402 3233; x_wconf 85' lang='lat' dir='ltr'>Catholici</span> <span class='ocrx_word' id='word_1_694' title='bbox 1414 3177 1535 3234; x_wconf 88' lang='lat' dir='ltr'>homines</span> <span class='ocrx_word' id='word_1_695' title='bbox 1547 3185 1575 3230; x_wconf 90' lang='lat' dir='ltr'>ct</span> <span class='ocrx_word' id='word_1_696' title='bbox 1587 3178 1678 3231; x_wconf 86' lang='lat' dir='ltr'>utatris</span> <span class='ocrx_word' id='word_1_697' title='bbox 1688 3179 1812 3234; x_wconf 71' lang='lat' dir='ltr'>Ecclesiae</span> 
     </span>
     <span class='ocr_line' id='line_1_94' title="bbox 1028 3264 1812 3334; baseline 0.003 -13"><span class='ocrx_word' id='word_1_698' title='bbox 1028 3265 1091 3321; x_wconf 89' lang='lat' dir='ltr'>lilii?</span> <span class='ocrx_word' id='word_1_699' title='bbox 1108 3265 1317 3332; x_wconf 80' lang='lat' dir='ltr'>Quodammodo</span> <span class='ocrx_word' id='word_1_700' title='bbox 1333 3265 1359 3319; x_wconf 89' lang='lat' dir='ltr'>iu</span> <span class='ocrx_word' id='word_1_701' title='bbox 1379 3264 1520 3334; x_wconf 79' lang='lat' dir='ltr'>Scripturis</span> <span class='ocrx_word' id='word_1_702' title='bbox 1537 3266 1635 3321; x_wconf 91' lang='lat' dir='ltr'>sanctis</span> <span class='ocrx_word' id='word_1_703' title='bbox 1648 3268 1783 3322; x_wconf 87' lang='lat' dir='ltr'>veritatem</span> <span class='ocrx_word' id='word_1_704' title='bbox 1797 3286 1812 3323; x_wconf 91' lang='lat' dir='ltr'>a</span> 
     </span>
     <span class='ocr_line' id='line_1_95' title="bbox 1029 3355 1813 3427; baseline 0.005 -18"><span class='ocrx_word' id='word_1_705' title='bbox 1029 3355 1142 3411; x_wconf 76' lang='lat' dir='ltr'>falsitate</span> <span class='ocrx_word' id='word_1_706' title='bbox 1163 3355 1332 3412; x_wconf 85' lang='lat' dir='ltr'>discernent?</span> <span class='ocrx_word' id='word_1_707' title='bbox 1352 3356 1408 3410; x_wconf 92' lang='lat' dir='ltr'>lloc</span> <span class='ocrx_word' id='word_1_708' title='bbox 1427 3356 1528 3411; x_wconf 88' lang='lat' dir='ltr'>scilicet</span> <span class='ocrx_word' id='word_1_709' title='bbox 1545 3356 1633 3411; x_wconf 87' lang='lat' dir='ltr'>lacere</span> <span class='ocrx_word' id='word_1_710' title='bbox 1654 3372 1813 3427; x_wconf 81' lang='lat' dir='ltr'>magnopere</span> 
     </span>
     <span class='ocr_line' id='line_1_96' title="bbox 1028 3447 1813 3520; baseline -0.004 -16"><span class='ocrx_word' id='word_1_711' title='bbox 1028 3450 1171 3517; x_wconf 85' lang='lat' dir='ltr'>curabunt,</span> <span class='ocrx_word' id='word_1_712' title='bbox 1189 3449 1260 3520; x_wconf 95' lang='lat' dir='ltr'>quod</span> <span class='ocrx_word' id='word_1_713' title='bbox 1271 3449 1298 3503; x_wconf 91' lang='lat' dir='ltr'>in</span> <span class='ocrx_word' id='word_1_714' title='bbox 1312 3448 1440 3518; x_wconf 90' lang='lat' dir='ltr'>principio</span> <span class='ocrx_word' id='word_1_715' title='bbox 1453 3447 1651 3503; x_wconf 89' lang='lat' dir='ltr'>Commonitorii</span> <span class='ocrx_word' id='word_1_716' title='bbox 1665 3447 1741 3502; x_wconf 86' lang='lat' dir='ltr'>istius</span> <span class='ocrx_word' id='word_1_717' title='bbox 1753 3464 1813 3501; x_wconf 91' lang='lat' dir='ltr'>san·</span> 
     </span>
     <span class='ocr_line' id='line_1_97' title="bbox 1028 3535 1813 3604; baseline -0.004 -11"><span class='ocrx_word' id='word_1_718' title='bbox 1028 3545 1085 3593; x_wconf 90' lang='lat' dir='ltr'>ctos</span> <span class='ocrx_word' id='word_1_719' title='bbox 1097 3545 1124 3593; x_wconf 91' lang='lat' dir='ltr'>et</span> <span class='ocrx_word' id='word_1_720' title='bbox 1132 3538 1224 3593; x_wconf 87' lang='lat' dir='ltr'>doctos</span> <span class='ocrx_word' id='word_1_721' title='bbox 1236 3538 1307 3592; x_wconf 88' lang='lat' dir='ltr'>viros</span> <span class='ocrx_word' id='word_1_722' title='bbox 1320 3536 1396 3591; x_wconf 90' lang='lat' dir='ltr'>uobis</span> <span class='ocrx_word' id='word_1_723' title='bbox 1406 3535 1545 3591; x_wconf 84' lang='lat' dir='ltr'>tradidisse</span> <span class='ocrx_word' id='word_1_724' title='bbox 1556 3536 1719 3604; x_wconf 81' lang='lat' dir='ltr'>scripsimus,</span> <span class='ocrx_word' id='word_1_725' title='bbox 1730 3546 1760 3590; x_wconf 89' lang='lat' dir='ltr'>ut</span> <span class='ocrx_word' id='word_1_726' title='bbox 1771 3537 1813 3590; x_wconf 93' lang='lat' dir='ltr'>di-</span> 
     </span>
     <span class='ocr_line' id='line_1_98' title="bbox 1028 3624 1814 3681; baseline -0.003 -1"><span class='ocrx_word' id='word_1_727' title='bbox 1028 3627 1118 3681; x_wconf 87' lang='lat' dir='ltr'>rinum</span> <span class='ocrx_word' id='word_1_728' title='bbox 1131 3625 1264 3681; x_wconf 80' lang='lat' dir='ltr'>Carromnr</span> <span class='ocrx_word' id='word_1_729' title='bbox 1281 3624 1425 3680; x_wconf 89' lang='lat' dir='ltr'>secundum</span> <span class='ocrx_word' id='word_1_730' title='bbox 1445 3624 1599 3678; x_wconf 88' lang='lat' dir='ltr'>universalis</span> <span class='ocrx_word' id='word_1_731' title='bbox 1616 3624 1741 3677; x_wconf 73' lang='lat' dir='ltr'>Ecclesiae</span> <span class='ocrx_word' id='word_1_732' title='bbox 1758 3632 1814 3678; x_wconf 88' lang='lat' dir='ltr'>tra-</span> 
     </span>
     <span class='ocr_line' id='line_1_99' title="bbox 1029 3713 1814 3785; baseline -0.004 -16"><span class='ocrx_word' id='word_1_733' title='bbox 1029 3715 1141 3771; x_wconf 88' lang='lat' dir='ltr'>ditiones</span> <span class='ocrx_word' id='word_1_734' title='bbox 1154 3715 1264 3785; x_wconf 82' lang='lat' dir='ltr'>etjorta</span> <span class='ocrx_word' id='word_1_735' title='bbox 1276 3714 1401 3771; x_wconf 86' lang='lat' dir='ltr'>Catholici</span> <span class='ocrx_word' id='word_1_736' title='bbox 1420 3713 1550 3782; x_wconf 86' lang='lat' dir='ltr'>dogmatis</span> <span class='ocrx_word' id='word_1_737' title='bbox 1563 3714 1665 3782; x_wconf 87' lang='lat' dir='ltr'>regulas</span> <span class='ocrx_word' id='word_1_738' title='bbox 1684 3713 1814 3779; x_wconf 88' lang='lat' dir='ltr'>iuterpre-</span> 
     </span>
     <span class='ocr_line' id='line_1_100' title="bbox 1030 3800 1813 3875; baseline -0.005 -16"><span class='ocrx_word' id='word_1_739' title='bbox 1030 3814 1133 3870; x_wconf 89' lang='lat' dir='ltr'>teutur;</span> <span class='ocrx_word' id='word_1_740' title='bbox 1152 3806 1178 3859; x_wconf 84' lang='grc' dir='ltr'>ἰη</span> <span class='ocrx_word' id='word_1_741' title='bbox 1197 3819 1248 3875; x_wconf 90' lang='lat' dir='ltr'>qua</span> <span class='ocrx_word' id='word_1_742' title='bbox 1265 3804 1326 3857; x_wconf 87' lang='lat' dir='ltr'>item</span> <span class='ocrx_word' id='word_1_743' title='bbox 1340 3802 1472 3857; x_wconf 79' lang='lat' dir='ltr'>catholiea</span> <span class='ocrx_word' id='word_1_744' title='bbox 1495 3810 1522 3856; x_wconf 93' lang='lat' dir='ltr'>et</span> <span class='ocrx_word' id='word_1_745' title='bbox 1538 3801 1682 3869; x_wconf 87' lang='lat' dir='ltr'>apostolica</span> <span class='ocrx_word' id='word_1_746' title='bbox 1697 3800 1813 3855; x_wconf 86' lang='lat' dir='ltr'>Ecclesia</span> 
     </span>
     <span class='ocr_line' id='line_1_101' title="bbox 1029 3890 1812 3964; baseline -0.009 -13"><span class='ocrx_word' id='word_1_747' title='bbox 1029 3905 1173 3964; x_wconf 89' lang='lat' dir='ltr'>sequantur</span> <span class='ocrx_word' id='word_1_748' title='bbox 1191 3906 1300 3949; x_wconf 84' lang='lat' dir='ltr'>necesse</span> <span class='ocrx_word' id='word_1_749' title='bbox 1321 3901 1363 3948; x_wconf 89' lang='lat' dir='ltr'>est</span> <span class='ocrx_word' id='word_1_750' title='bbox 1380 3891 1593 3954; x_wconf 85' lang='lat' dir='ltr'>universitatem,</span> <span class='ocrx_word' id='word_1_751' title='bbox 1616 3890 1812 3959; x_wconf 84' lang='lat' dir='ltr'>arrtiquitatem,</span> 
     </span>
     <span class='ocr_line' id='line_1_102' title="bbox 1029 3981 1812 4052; baseline -0.008 -13"><span class='ocrx_word' id='word_1_752' title='bbox 1029 3985 1241 4041; x_wconf 89' lang='lat' dir='ltr'>consensionem.</span> <span class='ocrx_word' id='word_1_753' title='bbox 1249 3983 1283 4037; x_wconf 85' lang='lat' dir='ltr'>Et</span> <span class='ocrx_word' id='word_1_754' title='bbox 1291 3984 1313 4038; x_wconf 89' lang='lat' dir='ltr'>si</span> <span class='ocrx_word' id='word_1_755' title='bbox 1323 3982 1428 4052; x_wconf 92' lang='lat' dir='ltr'>quando</span> <span class='ocrx_word' id='word_1_756' title='bbox 1438 3998 1497 4051; x_wconf 89' lang='lat' dir='ltr'>pars</span> <span class='ocrx_word' id='word_1_757' title='bbox 1507 3989 1598 4036; x_wconf 90' lang='lat' dir='ltr'>eontra</span> <span class='ocrx_word' id='word_1_758' title='bbox 1606 3981 1812 4047; x_wconf 85' lang='lat' dir='ltr'>universitatem,</span> 
     </span>
     <span class='ocr_line' id='line_1_103' title="bbox 1029 4072 1814 4141; baseline -0.006 -11"><span class='ocrx_word' id='word_1_759' title='bbox 1029 4076 1133 4131; x_wconf 90' lang='lat' dir='ltr'>novitas</span> <span class='ocrx_word' id='word_1_760' title='bbox 1145 4083 1237 4130; x_wconf 82' lang='lat' dir='ltr'>eontra</span> <span class='ocrx_word' id='word_1_761' title='bbox 1245 4082 1413 4137; x_wconf 85' lang='lat' dir='ltr'>vetustatem,</span> <span class='ocrx_word' id='word_1_762' title='bbox 1429 4072 1554 4127; x_wconf 89' lang='lat' dir='ltr'>uniusvel</span> <span class='ocrx_word' id='word_1_763' title='bbox 1564 4085 1708 4141; x_wconf 90' lang='lat' dir='ltr'>paucorum</span> <span class='ocrx_word' id='word_1_764' title='bbox 1719 4086 1814 4126; x_wconf 85' lang='lat' dir='ltr'>erratr-</span> 
     </span>
     <span class='ocr_line' id='line_1_104' title="bbox 1030 4161 1815 4231; baseline -0.005 -10"><span class='ocrx_word' id='word_1_765' title='bbox 1030 4167 1096 4221; x_wconf 86' lang='lat' dir='ltr'>tium</span> <span class='ocrx_word' id='word_1_766' title='bbox 1106 4165 1237 4220; x_wconf 88' lang='lat' dir='ltr'>dissensio</span> <span class='ocrx_word' id='word_1_767' title='bbox 1248 4173 1340 4218; x_wconf 85' lang='lat' dir='ltr'>eontra</span> <span class='ocrx_word' id='word_1_768' title='bbox 1350 4164 1468 4217; x_wconf 87' lang='lat' dir='ltr'>omniurn</span> <span class='ocrx_word' id='word_1_769' title='bbox 1477 4164 1519 4218; x_wconf 89' lang='lat' dir='ltr'>rel</span> <span class='ocrx_word' id='word_1_770' title='bbox 1529 4161 1600 4217; x_wconf 78' lang='lat' dir='ltr'>certe</span> <span class='ocrx_word' id='word_1_771' title='bbox 1610 4161 1692 4217; x_wconf 89' lang='lat' dir='ltr'>multo</span> <span class='ocrx_word' id='word_1_772' title='bbox 1701 4162 1815 4231; x_wconf 84' lang='lat' dir='ltr'>ploriuur</span> 
     </span>
     <span class='ocr_line' id='line_1_105' title="bbox 1030 4251 1816 4322; baseline -0.006 -8"><span class='ocrx_word' id='word_1_773' title='bbox 1030 4257 1223 4314; x_wconf 83' lang='lat' dir='ltr'>Catlrolicorum</span> <span class='ocrx_word' id='word_1_774' title='bbox 1245 4255 1446 4310; x_wconf 88' lang='lat' dir='ltr'>consensionem</span> <span class='ocrx_word' id='word_1_775' title='bbox 1471 4253 1650 4316; x_wconf 82' lang='lat' dir='ltr'>rebellaverit,</span> <span class='ocrx_word' id='word_1_776' title='bbox 1675 4251 1816 4322; x_wconf 78' lang='lat' dir='ltr'>preseraut</span> 
     </span>
     <span class='ocr_line' id='line_1_106' title="bbox 1031 4344 1815 4418; baseline -0.005 -17"><span class='ocrx_word' id='word_1_777' title='bbox 1031 4351 1113 4418; x_wconf 83' lang='lat' dir='ltr'>partis</span> <span class='ocrx_word' id='word_1_778' title='bbox 1132 4346 1292 4415; x_wconf 87' lang='lat' dir='ltr'>corruptioni</span> <span class='ocrx_word' id='word_1_779' title='bbox 1310 4345 1487 4399; x_wconf 80' lang='lat' dir='ltr'>universitatis</span> <span class='ocrx_word' id='word_1_780' title='bbox 1506 4344 1682 4412; x_wconf 88' lang='lat' dir='ltr'>iutegritatem</span> <span class='ocrx_word' id='word_1_781' title='bbox 1699 4363 1706 4397; x_wconf 91' lang='lat'>:</span> <span class='ocrx_word' id='word_1_782' title='bbox 1721 4344 1747 4398; x_wconf 92' lang='lat' dir='ltr'>iu</span> <span class='ocrx_word' id='word_1_783' title='bbox 1764 4359 1815 4413; x_wconf 86' lang='lat' dir='ltr'>qtta</span> 
     </span>
     <span class='ocr_line' id='line_1_107' title="bbox 1031 4432 1816 4502; baseline -0.009 -8"><span class='ocrx_word' id='word_1_784' title='bbox 1031 4439 1124 4495; x_wconf 82' lang='lat' dir='ltr'>eadem</span> <span class='ocrx_word' id='word_1_785' title='bbox 1145 4437 1324 4500; x_wconf 76' lang='lat' dir='ltr'>universitate,</span> <span class='ocrx_word' id='word_1_786' title='bbox 1339 4434 1462 4489; x_wconf 83' lang='lat' dir='ltr'>novitatis</span> <span class='ocrx_word' id='word_1_787' title='bbox 1482 4432 1630 4501; x_wconf 89' lang='lat' dir='ltr'>prolanitati</span> <span class='ocrx_word' id='word_1_788' title='bbox 1654 4433 1816 4502; x_wconf 87' lang='lat' dir='ltr'>antiquitatis</span> 
     </span>
     <span class='ocr_line' id='line_1_108' title="bbox 1031 4521 1816 4598; baseline -0.006 -15"><span class='ocrx_word' id='word_1_789' title='bbox 1031 4529 1194 4598; x_wconf 76' lang='lat' dir='ltr'>religionem,</span> <span class='ocrx_word' id='word_1_790' title='bbox 1209 4526 1323 4594; x_wconf 87' lang='lat' dir='ltr'>itemque</span> <span class='ocrx_word' id='word_1_791' title='bbox 1337 4525 1362 4577; x_wconf 94' lang='lat' dir='ltr'>in</span> <span class='ocrx_word' id='word_1_792' title='bbox 1375 4525 1429 4592; x_wconf 77' lang='lat' dir='ltr'>ipsa</span> <span class='ocrx_word' id='word_1_793' title='bbox 1442 4529 1581 4588; x_wconf 84' lang='lat' dir='ltr'>vetustate,</span> <span class='ocrx_word' id='word_1_794' title='bbox 1596 4523 1674 4577; x_wconf 79' lang='lat' dir='ltr'>tinius</span> <span class='ocrx_word' id='word_1_795' title='bbox 1687 4521 1743 4577; x_wconf 88' lang='lat' dir='ltr'>sire</span> <span class='ocrx_word' id='word_1_796' title='bbox 1754 4539 1816 4592; x_wconf 90' lang='lat' dir='ltr'>pau-</span> 
     </span>
     <span class='ocr_line' id='line_1_109' title="bbox 1031 4612 1814 4682; baseline -0.004 -10"><span class='ocrx_word' id='word_1_797' title='bbox 1031 4618 1197 4672; x_wconf 85' lang='lat' dir='ltr'>cissimorum</span> <span class='ocrx_word' id='word_1_798' title='bbox 1212 4614 1350 4668; x_wconf 89' lang='lat' dir='ltr'>temeritati</span> <span class='ocrx_word' id='word_1_799' title='bbox 1365 4614 1477 4682; x_wconf 90' lang='lat' dir='ltr'>primum</span> <span class='ocrx_word' id='word_1_800' title='bbox 1498 4612 1615 4666; x_wconf 87' lang='lat' dir='ltr'>onrrrium</span> <span class='ocrx_word' id='word_1_801' title='bbox 1634 4613 1779 4682; x_wconf 85' lang='lat' dir='ltr'>generalia,</span> <span class='ocrx_word' id='word_1_802' title='bbox 1793 4630 1814 4670; x_wconf 88' lang='lat' dir='ltr'>sr</span> 
     </span>
     <span class='ocr_line' id='line_1_110' title="bbox 1031 4702 1816 4778; baseline -0.006 -15"><span class='ocrx_word' id='word_1_803' title='bbox 1031 4724 1083 4778; x_wconf 88' lang='lat' dir='ltr'>qua</span> <span class='ocrx_word' id='word_1_804' title='bbox 1093 4716 1163 4772; x_wconf 76' lang='lat' dir='ltr'>sarrit,</span> <span class='ocrx_word' id='word_1_805' title='bbox 1175 4706 1330 4762; x_wconf 87' lang='lat' dir='ltr'>universalis</span> <span class='ocrx_word' id='word_1_806' title='bbox 1340 4704 1446 4760; x_wconf 88' lang='lat' dir='ltr'>Concilii</span> <span class='ocrx_word' id='word_1_807' title='bbox 1462 4702 1565 4758; x_wconf 88' lang='lat' dir='ltr'>decreta</span> <span class='ocrx_word' id='word_1_808' title='bbox 1577 4710 1742 4770; x_wconf 70' lang='lat' dir='ltr'>praeponant;</span> <span class='ocrx_word' id='word_1_809' title='bbox 1755 4710 1816 4758; x_wconf 90' lang='grc' dir='ltr'>ωηο</span> 
     </span>
     <span class='ocr_line' id='line_1_111' title="bbox 1032 4789 1814 4863; baseline -0.012 -10"><span class='ocrx_word' id='word_1_810' title='bbox 1032 4799 1137 4863; x_wconf 89' lang='lat' dir='ltr'>deiude,</span> <span class='ocrx_word' id='word_1_811' title='bbox 1149 4800 1171 4851; x_wconf 92' lang='lat' dir='ltr'>si</span> <span class='ocrx_word' id='word_1_812' title='bbox 1183 4796 1207 4850; x_wconf 88' lang='lat' dir='ltr'>id</span> <span class='ocrx_word' id='word_1_813' title='bbox 1219 4797 1305 4850; x_wconf 88' lang='lat' dir='ltr'>miuus</span> <span class='ocrx_word' id='word_1_814' title='bbox 1316 4803 1366 4861; x_wconf 91' lang='lat' dir='ltr'>est,</span> <span class='ocrx_word' id='word_1_815' title='bbox 1375 4800 1518 4862; x_wconf 78' lang='lat' dir='ltr'>sequmtur</span> <span class='ocrx_word' id='word_1_816' title='bbox 1527 4789 1597 4860; x_wconf 90' lang='lat' dir='ltr'>qnod</span> <span class='ocrx_word' id='word_1_817' title='bbox 1608 4790 1754 4858; x_wconf 85' lang='lat' dir='ltr'>proximum</span> <span class='ocrx_word' id='word_1_818' title='bbox 1764 4799 1814 4855; x_wconf 85' lang='lat' dir='ltr'>est,</span> 
     </span>
     <span class='ocr_line' id='line_1_112' title="bbox 1033 4879 1817 4956; baseline -0.011 -14"><span class='ocrx_word' id='word_1_819' title='bbox 1033 4889 1174 4943; x_wconf 90' lang='lat' dir='ltr'>multorum</span> <span class='ocrx_word' id='word_1_820' title='bbox 1185 4895 1262 4956; x_wconf 90' lang='lat' dir='ltr'>atque</span> <span class='ocrx_word' id='word_1_821' title='bbox 1275 4898 1429 4953; x_wconf 85' lang='lat' dir='ltr'>magnorum</span> <span class='ocrx_word' id='word_1_822' title='bbox 1442 4882 1637 4937; x_wconf 87' lang='lat' dir='ltr'>eonsentientes</span> <span class='ocrx_word' id='word_1_823' title='bbox 1647 4879 1696 4934; x_wconf 89' lang='lat' dir='ltr'>sibi</span> <span class='ocrx_word' id='word_1_824' title='bbox 1710 4887 1817 4934; x_wconf 80' lang='lat' dir='ltr'>seuten-</span> 
     </span>
     <span class='ocr_line' id='line_1_113' title="bbox 1033 4966 1817 5046; baseline 0.001 -15"><span class='ocrx_word' id='word_1_825' title='bbox 1033 4978 1083 5031; x_wconf 90' lang='lat' dir='ltr'>tias</span> <span class='ocrx_word' id='word_1_826' title='bbox 1096 4976 1292 5046; x_wconf 78' lang='lat' dir='ltr'>nvagistrorum.</span> <span class='ocrx_word' id='word_1_827' title='bbox 1307 4973 1421 5039; x_wconf 85' lang='lat' dir='ltr'>Quibus,</span> <span class='ocrx_word' id='word_1_828' title='bbox 1436 4970 1577 5039; x_wconf 72' lang='lat' dir='ltr'>adiuvante</span> <span class='ocrx_word' id='word_1_829' title='bbox 1592 4967 1716 5031; x_wconf 64' lang='lat' dir='ltr'>Domini),</span> <span class='ocrx_word' id='word_1_830' title='bbox 1731 4966 1817 5021; x_wconf 65' lang='lat' dir='ltr'>fideli·</span> 
     </span>
     <span class='ocr_line' id='line_1_114' title="bbox 1033 5056 1816 5130; baseline -0.013 -9"><span class='ocrx_word' id='word_1_831' title='bbox 1033 5076 1082 5130; x_wconf 89' lang='lat' dir='ltr'>ter,</span> <span class='ocrx_word' id='word_1_832' title='bbox 1097 5063 1194 5129; x_wconf 78' lang='lat' dir='ltr'>sobrie,</span> <span class='ocrx_word' id='word_1_833' title='bbox 1209 5063 1319 5118; x_wconf 88' lang='lat' dir='ltr'>sollicite</span> <span class='ocrx_word' id='word_1_834' title='bbox 1331 5060 1487 5126; x_wconf 79' lang='lat' dir='ltr'>observatis,</span> <span class='ocrx_word' id='word_1_835' title='bbox 1499 5073 1550 5113; x_wconf 93' lang='lat' dir='ltr'>non</span> <span class='ocrx_word' id='word_1_836' title='bbox 1560 5071 1655 5127; x_wconf 85' lang='lat' dir='ltr'>magna</span> <span class='ocrx_word' id='word_1_837' title='bbox 1664 5056 1816 5111; x_wconf 88' lang='lat' dir='ltr'>dillieultato</span> 
     </span>
     <span class='ocr_line' id='line_1_115' title="bbox 1034 5144 1816 5225; baseline -0.015 -14"><span class='ocrx_word' id='word_1_838' title='bbox 1034 5157 1125 5211; x_wconf 82' lang='lat' dir='ltr'>rroxios</span> <span class='ocrx_word' id='word_1_839' title='bbox 1135 5167 1253 5225; x_wconf 92' lang='lat' dir='ltr'>quosque</span> <span class='ocrx_word' id='word_1_840' title='bbox 1263 5149 1457 5221; x_wconf 82' lang='lat' dir='ltr'>exsurgentium</span> <span class='ocrx_word' id='word_1_841' title='bbox 1468 5147 1656 5202; x_wconf 83' lang='lat' dir='ltr'>llaereticorum</span> <span class='ocrx_word' id='word_1_842' title='bbox 1667 5144 1816 5214; x_wconf 81' lang='lat' dir='ltr'>depreben-</span> 
     </span>
    </p>
   </div>
   <div class='ocr_carea' id='block_1_9' title="bbox 1033 5246 1816 5397">
    <p class='ocr_par' dir='ltr' id='par_1_11' title="bbox 1033 5246 1816 5397">
     <span class='ocr_line' id='line_1_116' title="bbox 1033 5246 1248 5301; baseline -0.033 0"><span class='ocrx_word' id='word_1_843' title='bbox 1033 5246 1126 5301; x_wconf 90' lang='lat' dir='ltr'>demus</span> <span class='ocrx_word' id='word_1_844' title='bbox 1135 5256 1248 5299; x_wconf 88' lang='lat' dir='ltr'>errores.</span> 
     </span>
     <span class='ocr_line' id='line_1_117' title="bbox 1069 5322 1816 5397; baseline -0.016 -8"><span class='ocrx_word' id='word_1_845' title='bbox 1069 5331 1186 5388; x_wconf 85' lang='lat' dir='ltr'>lilllllll.</span> <span class='ocrx_word' id='word_1_846' title='bbox 1206 5329 1254 5384; x_wconf 84' lang='lat' dir='ltr'>the</span> <span class='ocrx_word' id='word_1_847' title='bbox 1264 5329 1318 5397; x_wconf 74' lang='lat' dir='ltr'>iam</span> <span class='ocrx_word' id='word_1_848' title='bbox 1332 5341 1496 5396; x_wconf 87' lang='lat' dir='ltr'>consequeus</span> <span class='ocrx_word' id='word_1_849' title='bbox 1509 5338 1568 5379; x_wconf 92' lang='lat' dir='ltr'>esse</span> <span class='ocrx_word' id='word_1_850' title='bbox 1582 5322 1658 5377; x_wconf 81' lang='lat' dir='ltr'>video</span> <span class='ocrx_word' id='word_1_851' title='bbox 1677 5330 1706 5377; x_wconf 95' lang='lat' dir='ltr'>ut</span> <span class='ocrx_word' id='word_1_852' title='bbox 1726 5336 1816 5377; x_wconf 84' lang='lat' dir='ltr'>exem-</span> 
     </span>
    </p>
   </div>
   <div class='ocr_carea' id='block_1_10' title="bbox 1034 5412 1818 5670">
    <p class='ocr_par' dir='ltr' id='par_1_12' title="bbox 1034 5412 1818 5670">
     <span class='ocr_line' id='line_1_118' title="bbox 1034 5412 1818 5493; baseline -0.014 -17"><span class='ocrx_word' id='word_1_853' title='bbox 1034 5424 1084 5493; x_wconf 90' lang='lat' dir='ltr'>plis</span> <span class='ocrx_word' id='word_1_854' title='bbox 1100 5421 1280 5478; x_wconf 88' lang='lat' dir='ltr'>demonstrem</span> <span class='ocrx_word' id='word_1_855' title='bbox 1296 5431 1410 5488; x_wconf 87' lang='lat' dir='ltr'>quonam</span> <span class='ocrx_word' id='word_1_856' title='bbox 1435 5415 1513 5469; x_wconf 80' lang='lat' dir='ltr'>inodo</span> <span class='ocrx_word' id='word_1_857' title='bbox 1538 5412 1680 5483; x_wconf 74' lang='lat' dir='ltr'>prophana</span> <span class='ocrx_word' id='word_1_858' title='bbox 1703 5413 1818 5466; x_wconf 77' lang='lat' dir='ltr'>llarcti«</span> 
     </span>
     <span class='ocr_line' id='line_1_119' title="bbox 1034 5500 1816 5577; baseline -0.018 -10"><span class='ocrx_word' id='word_1_859' title='bbox 1034 5526 1125 5568; x_wconf 86' lang='lat' dir='ltr'>eorum</span> <span class='ocrx_word' id='word_1_860' title='bbox 1157 5509 1286 5564; x_wconf 85' lang='lat' dir='ltr'>ueritates</span> <span class='ocrx_word' id='word_1_861' title='bbox 1320 5505 1426 5577; x_wconf 87' lang='lat' dir='ltr'>prolatis</span> <span class='ocrx_word' id='word_1_862' title='bbox 1457 5513 1535 5574; x_wconf 90' lang='lat' dir='ltr'>atque</span> <span class='ocrx_word' id='word_1_863' title='bbox 1566 5500 1668 5557; x_wconf 90' lang='lat' dir='ltr'>collatis</span> <span class='ocrx_word' id='word_1_864' title='bbox 1697 5509 1816 5554; x_wconf 88' lang='lat' dir='ltr'>veterum</span> 
     </span>
     <span class='ocr_line' id='line_1_120' title="bbox 1034 5584 1814 5670; baseline -0.017 -13"><span class='ocrx_word' id='word_1_865' title='bbox 1034 5603 1218 5670; x_wconf 80' lang='lat' dir='ltr'>magistrorum</span> <span class='ocrx_word' id='word_1_866' title='bbox 1242 5596 1460 5654; x_wconf 86' lang='lat' dir='ltr'>concordantibus</span> <span class='ocrx_word' id='word_1_867' title='bbox 1494 5595 1599 5651; x_wconf 84' lang='lat' dir='ltr'>sibimet</span> <span class='ocrx_word' id='word_1_868' title='bbox 1626 5584 1762 5647; x_wconf 73' lang='lat' dir='ltr'>aneath</span> <span class='ocrx_word' id='word_1_869' title='bbox 1786 5598 1814 5644; x_wconf 92' lang='lat' dir='ltr'>et</span> 
     </span>
    </p>
   </div>
   <div class='ocr_carea' id='block_1_11' title="bbox 0 0 2022 6180">
    <p class='ocr_par' dir='ltr' id='par_1_13' title="bbox 0 0 2022 6180">
     <span class='ocr_line' id='line_1_121' title="bbox 0 0 2022 6180; baseline 0 0"><span class='ocrx_word' id='word_1_870' title='bbox 0 0 2022 6180; x_wconf 95' lang='lat' dir='ltr'> </span> 
     </span>
    </p>
   </div>
  </div>
 </body>
</html>
