4009 6184
186 314 224 373 2⁹
699 312 745 369 be
764 312 1022 371 incendendae
1042 311 1180 371 cltttlsn
1198 314 1264 387 utu.
1284 315 1316 374 ll.
1795 300 1829 368 id

190 438 267 486 totus
282 429 373 484 bomo.
387 425 447 484 bon
459 426 532 484 enlm
544 426 616 484 bens
628 426 708 484 later
722 427 804 483 bomo
822 426 908 482 taetus
926 434 980 494 est,
996 432 1019 489 tt
1034 442 1118 497 uterq.
1133 422 1288 499 dissentitl.
1303 424 1340 481 lta
1353 425 1438 499 utqui
1453 435 1549 484 eontrr
1566 427 1619 486 boc
1637 431 1740 490 sentire
1754 436 1824 493 uita·

190 536 243 579 tsee
255 519 371 589 Spiritus
382 526 511 590 umbus,
522 518 571 575 red
582 517 742 590 lloipenltus
755 517 858 584 Patris;
871 517 984 587 ideoque
1035 528 1090 584 tur,
1101 517 1181 589 burlos
1195 518 1282 589 prima
1297 521 1389 575 statim
1400 520 1490 577 tronto
1502 535 1556 577 nou
1573 531 1628 578 tam
1643 523 1679 579 sit
1693 525 1827 586 audienda

188 628 240 670 aaa
256 626 374 684 persona
389 611 546 682 accipienda
561 622 603 667 est
621 610 711 667 caetris
725 619 751 665 et
766 609 859 676 Verbi,
874 617 905 665 ιι
919 609 984 666 lide-
1034 610 1160 679 assertio,
1173 626 1252 683 quam
1268 611 1421 667 damnanda
1441 614 1624 683 perrersltasa
1646 615 1710 687 qnia
1725 620 1825 690 prajo·

184 706 251 763 liter
263 707 325 761 siue
337 705 428 772 aliqua
442 703 614 760 dubitatione
634 703 778 760 credamus
798 717 881 758 unum
904 717 982 758 eum·
1034 703 1135 759 dicium
1158 718 1251 760 secum
1275 703 1456 760 demnatiouis
1479 705 1827 780 erltdruit‚qoi1odieiuru

183 794 492 867 denquelieiliiliom,
507 795 714 864 inseparabilem
727 791 983 864 ermengaudum
1034 793 1220 850 uniuersitatis
1244 793 1401 864 imptrqnat3
1426 802 1454 850 et
1480 797 1626 853 audientias
1654 799 1743 855 locunt
1772 818 1827 857 nuo

184 888 360 957 subruente
383 889 466 943 etiam
489 886 627 957 qlqarttcm
650 885 819 941 nominatum
838 884 865 939 iu
887 883 984 939 diebus
1034 885 1127 953 babet,
1137 884 1215 956 quia
1238 887 1344 943 cunctis
1371 894 1470 942 statuta
1495 888 1635 944 contrellit.
1660 890 1826 947 Confirmata

181 980 282 1037 urnis
300 995 356 1035 saa
380 978 494 1049 (Paulus.
521 980 610 1047 rrttt),
631 986 659 1033 et
682 992 747 1034 rere
769 991 879 1047 semper
891 975 982 1031 omnia
1034 978 1105 1034 enirn
1121 978 1204 1033 semel
1217 978 1251 1033 ab
1262 978 1389 1032 omuibus
1403 978 1529 1039 veritate.
1544 978 1673 1050 quidquid
1686 996 1781 1038 ctrntra
1799 984 1826 1039 id

186 1073 307 1144 gessisse
320 1085 382 1141 quse
402 1079 467 1126 suut
486 1069 614 1134 bominis,
629 1077 659 1126 et
677 1084 740 1125 uere
760 1082 870 1135 semper
888 1080 983 1137 possc-
1032 1069 1119 1134 veuit,
1136 1069 1188 1124 lroe
1202 1069 1261 1138 lpse
1273 1069 1364 1124 statim
1385 1068 1488 1123 lulsitas
1501 1083 1563 1125 esse
1579 1071 1744 1125 noscendum
1760 1080 1824 1136 est.

185 1164 263 1219 disse
275 1178 337 1233 que
350 1163 398 1218 net
412 1174 486 1218 suut.
499 1162 633 1229 Qtroniam
649 1172 676 1215 et
693 1160 734 1215 sic
750 1158 889 1229 melpum
902 1167 940 1213 est
950 1173 983 1213 ea·
1033 1157 1106 1229 quod
1128 1173 1143 1211 a
1168 1157 1284 1213 ueritate
1304 1158 1441 1214 dissentit.
1456 1160 1496 1215 Ac
1512 1173 1561 1229 per
1576 1159 1629 1216 ltoc
1648 1160 1776 1216 sullicero
1798 1163 1824 1217 ei

183 1254 351 1324 ίιιιῖηιιιιιιι,
361 1253 408 1310 sed
421 1256 482 1309 stab
496 1270 525 1308 ea
541 1255 635 1311 uirtute
648 1252 698 1308 liei
712 1250 746 1325 (tl
761 1249 823 1307 Cer.
838 1248 908 1321 ιιιι).
1032 1252 1114 1307 etiam
1130 1248 1156 1303 id
1166 1248 1254 1304 solurn
1267 1250 1394 1305 convenit
1406 1249 1439 1304 ad
1456 1251 1616 1305 senteruiam
1629 1249 1824 1321 damnationis,

493 1390 606 1449 CAPUT
623 1391 657 1447 w
1032 1342 1104 1414 quod
1117 1343 1251 1414 discrepat
1264 1358 1279 1397 a
1292 1342 1394 1412 judicio
1408 1343 1538 1399 veritatis.
1565 1343 1619 1401 Sed
1646 1356 1735 1400 tamen
1762 1347 1824 1416 quia

1032 1432 1131 1489 rationi
1146 1449 1199 1489 nou
1212 1435 1291 1490 obest
1304 1447 1393 1489 sermo
1410 1433 1534 1502 ratiornis,
1558 1443 1585 1489 et
1599 1449 1708 1506 semper
1720 1436 1823 1491 ueritas

144 1548 150 1559 '
200 1500 318 1559 cmm
339 1502 525 1559 “mmmmm
541 1503 661 1557 “mm
681 1503 718 1556 ¹¹¹⁵
737 1501 964 1570 ”mmmm
1031 1528 1161 1583 ventilata
1177 1526 1236 1595 plus
1256 1526 1826 1596 rutilat,meliusqueesterrautesdispu-

462 1573 643 1643 ⁰m9¹⁶⁶²⁰nd⁰
656 1580 706 1628 ⁶⁸⁸⁰
1034 1620 1143 1675 tationis
1152 1617 1292 1677 curatione
1305 1619 1417 1689 corripi,
1433 1634 1513 1690 quarn
1538 1633 1662 1676 censura
1682 1624 1827 1678 severitate

219 1706 297 1762 lianc
310 1719 377 1777 erqo
392 1704 407 1746 l
425 1704 485 1775 eins
498 1705 711 1773 contessionem,
723 1703 750 1761 id
763 1713 814 1773 eat,
830 1704 980 1763 catholieo·
1032 1709 1173 1773 damnaria
1188 1710 1308 1765 curanda
1323 1721 1376 1778 est,
1391 1709 1572 1782 quantumin
1599 1713 1679 1769 nobis
1701 1723 1755 1779 est,
1778 1728 1827 1784 per

183 1813 244 1855 runt
255 1797 377 1853 omnium
389 1797 481 1862 iidem,
491 1808 624 1854 etomnea
634 1797 754 1853 utrimnl
764 1798 896 1868 episcopi.
907 1797 981 1854 unde
995 1800 1019 1860 B
1032 1802 1150 1857 divinam
1166 1817 1245 1872 opem
1258 1803 1284 1857 in
1300 1803 1379 1857 noris
1393 1803 1530 1860 lucreticis
1541 1814 1620 1860 retus
1634 1804 1760 1871 heresis,
1784 1816 1825 1873 ut,

182 1889 333 1953 wibehss.
348 1900 487 1943 clodum
513 1887 658 1958 sulliensi,
685 1888 719 1942 ad
740 1902 809 1957 (1⁰⁰⁸
829 1888 979 1957 willein.
1034 1904 1142 1965 recepta
1158 1909 1208 1965 pur
1230 1910 1335 1950 sacram
1350 1897 1564 1952 misericordiam
1577 1897 1707 1963 sanitate,
1720 1897 1825 1953 medela

181 1980 443 2050 rornprobarerout.
460 1978 555 2050 Neque
570 1979 639 2035 ullus
652 1978 862 2035 adbocomninc
876 1978 982 2035 exstitit
1034 1986 1125 2054 potius
1137 1998 1231 2040 eorum
1250 1985 1298 2040 det
1322 1994 1424 2041 sancte
1447 1985 1509 2042 fldei
1534 1987 1720 2043 testinnonium
1746 2003 1826 2058 qnam

180 2074 225 2127 etri
243 2073 311 2129 tides
329 2072 389 2128 bae
402 2073 463 2128 siue
476 2071 648 2128 inddelitatis
665 2072 782 2129 crimine
802 2072 978 2143 displiceret,
1032 2074 1262 2145 damnatiojustae
1276 2075 1427 2131 serenitatis
1437 2076 1607 2144 exemplum.
1629 2077 1708 2132 Adsit
1722 2086 1826 2132 tartturn

179 2163 247 2233 quia
260 2162 391 2231 professio
401 2161 549 2232 impietatis
559 2173 613 2229 est,
628 2164 771 2234 probatam
784 2178 884 2235 negare
894 2167 980 2234 pieta·
1031 2166 1204 2235 disputatioui
1216 2180 1248 2220 ac
1262 2167 1381 2221 sermoni
1394 2166 1429 2222 de
1443 2182 1473 2222 se
1487 2166 1579 2223 habito
1592 2167 1650 2235 ipsa
1666 2167 1785 2231 Veritas.
1797 2179 1826 2224 et

180 2261 254 2308 term
269 2254 401 2308 Snlbcere
413 2268 477 2323 erqo
491 2254 567 2309 solos
580 2268 651 2309 nune
665 2254 699 2309 ad
714 2254 907 2309 confutandam
922 2254 978 2309 lna·
1031 2257 1133 2328 pietate
1146 2257 1190 2311 illa
1206 2271 1258 2327 qua
1270 2256 1342 2314 Deos
1357 2256 1389 2310 ad
1404 2258 1529 2314 bontines
1539 2260 1633 2315 renlre
1644 2260 1770 2333 dignatur
1785 2272 1826 2318 e=t

180 2344 268 2399 resim
281 2344 393 2399 deberet
416 2359 566 2401 consensus
578 2346 708 2411 omnium,
733 2345 795 2416 quia
820 2344 980 2400 indubitatae
1032 2345 1158 2403 humanis
1172 2346 1312 2403 erroribus
1337 2348 1500 2416 opituletur,
1524 2351 1569 2419 qul
1594 2348 1629 2405 ad
1654 2348 1705 2407 ltoe
1726 2367 1757 2407 se
1782 2351 1826 2406 rel

181 2436 309 2492 ueritatis
322 2434 506 2492 maniiestatic
520 2445 562 2492 est
576 2437 723 2492 auctoritas
737 2440 938 2503 universorum,
952 2447 981 2492 et
1034 2438 1152 2494 maxime
1177 2437 1204 2493 in
1228 2436 1311 2493 terris
1337 2446 1419 2508 atque
1432 2438 1459 2492 in
1473 2439 1582 2494 bomine
1597 2441 1673 2497 nasci
1686 2440 1781 2507 soluit,
1797 2452 1826 2497 ut

183 2527 305 2598 perlecta
319 2526 473 2584 ratioiacta
497 2536 539 2584 est
559 2529 603 2584 ubi
619 2542 699 2585 nemo
710 2527 836 2584 dissensit
852 2526 940 2603 [bips.
953 2529 981 2583 in
1033 2527 1275 2598 lalsitatiaurplius
1291 2528 1509 2584 locosessenou
1527 2537 1630 2600 posset.
1698 2565 1700 2568 -
1872 2534 1873 2537 ’

719 2639 849 2697 Abeunt
868 2638 985 2697 GAZAEl
1003 2637 1289 2696 cbltbetllaullls.

220 2763 236 2793 ⁸
255 2755 292 2810 lta
305 2755 378 2810 canit
393 2752 516 2810 Ecclesia
531 2753 558 2809 in
572 2752 674 2824 hymno
685 2752 720 2808 de
733 2750 877 2815 Natininte
1032 2748 1121 2810 aab).
1135 2756 1279 2817 antequem
1294 2761 1308 2802 a
1323 2747 1448 2803 Nestoris
1471 2760 1518 2802 sua
1541 2750 1654 2804 lteresis
1673 2752 1826 2819 promulga-

1033 2827 1119 2881 retur,
1132 2819 1247 2873 inueniri
1258 2833 1317 2872 earn
1329 2833 1343 2872 a
1358 2818 1482 2888 leporio,
1493 2832 1542 2872 suo
1553 2819 1637 2886 ipsius
1649 2820 1741 2875 libello
1750 2826 1826 2890 peni·

1034 2896 1077 2942 tus
1090 2888 1268 2953 conitttatarn,
1282 2899 1467 2959 assentatuque
1478 2904 1508 2941 ea
1520 2889 1555 2943 de
1568 2903 1598 2943 re
1611 2891 1718 2945 sincere
1729 2890 1824 2944 eatbn·

1034 2958 1113 3013 licam
1129 2959 1221 3025 fldem,
1237 2973 1288 3028 qua
1315 2958 1439 3013 Cluistus
1454 2958 1621 3014 Dominusiu
1635 2975 1688 3015 uua
1710 2976 1824 3029 persona

180 3028 309 3085 alludens
326 3027 359 3081 ad
373 3028 438 3082 illud
452 3028 552 3099 psalmi
566 3044 629 3085 xrtu
642 3045 649 3083 ε
660 3026 809 3084 Ecsaltuttit
822 3027 932 3100 oleique
944 3027 980 3082 od
1032 3043 1115 3084 tertre
1129 3028 1199 3083 licus
1213 3038 1240 3083 et
1259 3028 1351 3094 borno,
1365 3040 1391 3083 et
1406 3029 1577 3084 sanctissima
1593 3030 1668 3099 sirpo
1682 3032 1762 3085 llaria
1779 3032 1825 3085 lici

181 3101 339 3155 “nendum
350 3101 428 3152 elon.
1029 3099 1150 3157 Cautitrix
1162 3108 1189 3153 et
1200 3098 1315 3165 lieipara
1328 3098 1389 3168 jure
1399 3099 1540 3154 astruitur.
1558 3099 1590 3153 lit
1603 3115 1701 3169 magno
1716 3102 1824 3167 quidem

218 3168 235 3209 b
256 3170 332 3233 Ejus.
348 3170 453 3237 supple,
483 3167 612 3235 boportt,
634 3183 714 3240 quarn
738 3169 774 3224 ad
799 3169 879 3223 linem
895 3181 980 3237 usque
1032 3170 1166 3243 mirpcttitr
1182 3171 1282 3224 lactum
1293 3180 1335 3224 est
1349 3177 1378 3224 ιιι
1392 3171 1449 3236 ipse
1460 3180 1537 3224 antea
1553 3172 1825 3233 {terminatarum

183 3241 282 3308 rapitis
301 3239 481 3309 precedentis
504 3249 663 3308 prosecutus
687 3249 739 3294 est.
766 3241 861 3293 llirutu
888 3247 978 3291 autem
1033 3240 1139 3293 sincera
1154 3239 1276 3308 adeoque
1291 3255 1354 3295 vcra
1367 3237 1537 3294 coulessioue
1551 3239 1691 3294 damnaret
1705 3255 1764 3309 eptae
1777 3257 1825 3310 pu·

182 3311 267 3380 plane
289 3319 343 3376 est,
364 3310 436 3380 quod
460 3318 489 3364 et
514 3308 647 3365 Barottius
661 3309 816 3366 obsecravit
828 3308 896 3380 (Sub
910 3324 979 3362 nuno
994 3300 1017 3363 C
1032 3310 1109 3379 qnaci
1123 3309 1383 3396 disputationejaitle
1393 3309 1754 3400 difil¹s¹ifssi⁰¹¹⁸q⁶iiifi10

649 3540 887 3652 LIBER

313 2864 425 2914 somna
436 2865 509 2928 gigas
519 2864 674 2926 emunda,
749 2878 754 2887 ·

309 2926 403 2976 dlaois
414 2937 441 2976 ut
451 2932 534 2977 currat
543 2930 605 2976 riaut
617 2940 625 2989 3

915 3536 1496 3657 secundeum
1789 3596 1809 3617 „

1382 3671 1388 3679 η
1417 3672 1424 3678 .
1657 3676 1698 3687 „y
1779 3678 1786 3686 .

1177 3703 1186 3712 r
1260 3710 1264 3715 .
1298 3672 1369 3721 ¹0¹3
1470 3720 1473 3723 1
1565 3720 1569 3727 Ι
1607 3708 1662 3726 '..
1798 3720 1804 3725 ν

905 3738 1119 3755 ”—

442 3840 557 3898 cotun
576 3837 722 3898 l‘llllllill.
1031 3847 1122 3894 tamen
1147 3851 1181 3892 ne
1202 3834 1360 3905 pracindicio
1386 3835 1471 3904 nangis
1495 3832 1638 3890 adseram
1666 3848 1716 3890 eos
1741 3847 1822 3903 quam

185 3930 365 3986 Parteniorum
383 3932 561 3986 loreticorunt
583 3933 720 3986 erraretis
732 3928 880 3984 auctoribus
902 3938 978 3999 utque
1029 3929 1132 4000 iudicio
1151 3927 1188 3982 uti
1201 3926 1274 3981 velle
1284 3924 1483 3993 existimemur,
1498 3924 1584 3995 ipsam
1610 3937 1706 3979 eorum
1724 3925 1751 3978 in
1768 3937 1826 3979 me·

247 4003 424 4056 &mimum
437 4003 492 4057 Μ’*
506 4002 640 4056 mmmm
653 4010 677 4057 ‘l
690 4005 836 4072 ⁶⁰li¹⁴¹⁰²⁰⁸
849 4016 914 4055 ⁶⁸⁸⁶·
1031 4020 1105 4076 diutn
1120 4016 1274 4087 pestileram
1293 4015 1517 4086 propositionem,
1531 4013 1573 4070 nel
1591 4013 1680 4083 potius
1695 4013 1824 4084 blaspltc·
1890 4058 1899 4075 ,

224 4114 356 4182 Quoniam
385 4115 480 4172 libello
504 4114 592 4185 primo
619 4113 744 4185 quedam
774 4113 975 4183 premisimus,
1031 4105 1826 4180 mantcmamentiamproierantus:sumentesiuonrnibut
1903 4144 1913 4162 .

184 4205 290 4275 quibus
307 4215 321 4243 ⁸
332 4222 432 4262 trorum
459 4205 615 4263 haereticum
642 4221 676 4262 ex
699 4205 815 4276 antiquis
842 4204 977 4260 berosum
1031 4214 1131 4258 scutum
1141 4203 1214 4273 fidel,
1228 4211 1252 4258 et
1261 4202 1378 4275 pladiani
1391 4202 1506 4270 spiritua,
1522 4200 1593 4271 quad
1607 4208 1644 4254 eat
1656 4198 1761 4254 mlum
1776 4195 1826 4253 Dei

183 4296 317 4368 stirpibus
330 4297 466 4367 pullulare
479 4299 704 4369 approbaremus,
724 4295 851 4353 suillcere
869 4296 978 4366 quidem
1033 4292 1144 4365 (epten.
1167 4296 1227 4360 ιι),
1250 4294 1354 4348 scilicet
1371 4299 1400 4346 ιιι
1423 4303 1572 4359 resurgens
1585 4289 1685 4345 retustl
1699 4288 1826 4343 rinconis

183 4389 211 4444 ei
239 4387 273 4442 ad
288 4387 476 4454 excipiendam
501 4389 582 4456 justae
607 4388 789 4445 damnationis
818 4387 978 4443 sentemiam
1032 4396 1115 4455 eaput
1142 4386 1212 4441 idem
1234 4384 1319 4439 diuini
1335 4384 1470 4439 sermonis
1484 4380 1591 4451 gladius
1604 4379 1685 4435 etiarn
1710 4390 1782 4434 nunc
1797 4378 1824 4433 ln

183 4479 270 4534 debet
284 4480 404 4545 priorum
427 4477 616 4534 baereticorum
639 4476 712 4548 justa
733 4476 882 4532 damnatio.
911 4476 978 4545 Quia
1033 4478 1113 4535 nosris
1126 4478 1257 4548 anguibus
1268 4476 1387 4541 desecet,
1398 4475 1443 4543 qui
1453 4474 1531 4544 prius
1542 4473 1568 4526 iu
1582 4470 1701 4539 antiquis
1712 4483 1825 4538 serpen·

183 4585 250 4626 cum
265 4572 373 4626 easdem
386 4571 492 4627 radices
505 4570 613 4640 habeat,
628 4579 708 4641 atque
723 4570 819 4626 iisdem
842 4569 979 4627 erroribus
1033 4571 1105 4626 tibus
1130 4568 1290 4640 amputarit.
1317 4566 1384 4622 llam
1407 4579 1468 4621 cunr
1492 4563 1563 4619 idem
1579 4562 1675 4616 borum
1699 4574 1779 4645 error
1790 4561 1825 4614 sit

181 4661 283 4736 [bip.
295 4666 324 4718 in
338 4679 420 4736 narp.
438 4659 600 4736 scrobibus]
610 4698 613 4705 ,
624 4672 753 4733 emergat,
779 4662 847 4718 satis
870 4661 928 4732 jam
952 4662 979 4716 ln
1032 4662 1078 4734 qui
1092 4662 1200 4717 illorutn
1213 4659 1271 4727 luit,
1287 4674 1337 4731 pro
1348 4656 1505 4714 desectione
1516 4654 1629 4711 istorum
1642 4650 1734 4708 baberi
1744 4651 1825 4706 debet

183 4754 347 4810 auctttribus
361 4756 418 4810 suis
431 4755 491 4826 ipse
502 4756 647 4811 danrnatus
659 4765 717 4821 est;
737 4755 926 4811 marimeeum
940 4751 980 4809 ld·
1032 4754 1153 4810 desectio
1168 4752 1295 4807 illorum:
1309 4759 1338 4805 ot
1356 4750 1419 4821 quia
1434 4757 1607 4805 renascentes
1620 4745 1723 4802 colubri
1741 4742 1825 4814 pesti·

184 4845 278 4915 ipnrn
293 4845 364 4911 quod
377 4845 428 4913 ipsi
439 4852 574 4911 asserunt,
589 4845 670 4901 etiam
682 4843 710 4899 bi
721 4844 766 4915 qul
783 4844 905 4912 proxime
919 4850 981 4899 ante
1032 4844 1147 4901 torosio
1167 4842 1288 4898 Ecclesia
1309 4840 1415 4896 [lamini
1436 4839 1515 4895 llatos
1538 4848 1621 4908 agunt
1640 4845 1668 4891 et
1686 4834 1825 4890 tabescere

185 4934 324 4991 hermale
334 4936 420 4991 secuti
433 4946 497 4993 suut
520 4935 590 4991 Mne
613 4934 835 5002 condemnarint,
851 4945 880 4989 ut
902 4932 980 4989 sutt·
1033 4934 1162 5005 quosdam
1178 4932 1265 4989 sibilis
1279 4934 1335 4988 suis
1350 4933 1463 4995 iaciunt,
1487 4927 1625 4999 lunqetrda
1650 4933 1692 4982 est
1713 4931 1824 4994 propter

185 5040 255 5081 cere
267 5024 309 5079 bis
321 5025 429 5082 abunde
448 5027 504 5097 jam
521 5027 548 5081 ln
561 5026 722 5081 alterutrum
734 5040 846 5081 suorum
858 5026 981 5095 exempla
1033 5041 1117 5082 ouras
1131 5024 1304 5081 inlirtnitatcs
1317 5020 1436 5092 antiquis
1449 5017 1636 5075 curationibus
1656 5029 1751 5071 recetu
1767 5027 1825 5069 nie·

186 5116 321 5180 debeam,
334 5119 379 5172 uel
391 5117 487 5171 borum
497 5117 602 5173 seilicet
611 5117 657 5188 qui
671 5114 817 5180 emendati,
833 5114 876 5169 rel
886 5129 980 5171 eorum
1032 5116 1104 5181 dela,
1115 5115 1233 5171 utetiam
1244 5114 1267 5170 si
1281 5112 1346 5167 illud
1355 5110 1427 5183 quod
1442 5112 1614 5178 priusactuor
1628 5116 1670 5161 est
1683 5118 1736 5159 uon
1751 5104 1825 5158 ualet

186 5206 239 5276 qui
248 5206 419 5262 coardentuati
428 5216 500 5263 sunt.
514 5206 542 5265 Si
555 5207 627 5263 euim
641 5204 742 5277 corrigi
755 5213 870 5276 queunt,
882 5203 983 5261 liabent
1032 5207 1067 5264 ad
1083 5204 1220 5279 turpioris
1236 5203 1439 5259 damnationem
1454 5198 1544 5274 [lips.
1560 5197 1588 5250 in
1600 5210 1683 5264 namq.
1708 5192 1826 5247 curatio·

186 5298 221 5354 iu
233 5310 345 5354 ιιιοιιιιιι
359 5299 577 5357 correctionibus
598 5298 749 5367 medelam
772 5298 795 5355 si
812 5297 912 5367 corripi
926 5312 980 5354 non
1032 5297 1132 5372 nemi,
1147 5298 1199 5354 boe
1211 5306 1303 5352 tamen
1323 5293 1395 5366 quod
1409 5308 1481 5350 nunc
1497 5291 1601 5360 aqimus
1613 5287 1701 5344 valeat
1719 5286 1752 5340 ad
1768 5284 1824 5341 latr·

186 5397 307 5462 queunt,
320 5389 424 5448 babeat
436 5392 463 5448 in
478 5406 591 5450 suorum
604 5390 778 5449 damnatione
798 5391 979 5448 seutentiam:
1032 5390 1171 5463 munitium
1190 5387 1342 5444 sanitatem.

725 5548 853 5609 attunt
871 5548 988 5608 GAZAEl
1007 5547 1290 5608 cobbebltltttts.

189 5677 239 5793 R·
260 5666 372 5791 ειὶίὲἓιι
384 5665 552 5792 {instoriam
566 5667 651 5739 lpslur
665 5665 785 5724 Cassiani
801 5674 923 5738 tempore
936 5670 1059 5721 eaouum
1073 5674 1100 5721 et
1114 5663 1313 5739 synchronum,
1329 5670 1409 5728 quem
1429 5653 1511 5710 etiam
1526 5651 1553 5710 in
1575 5651 1734 5723 praelatione
1748 5657 1826 5708 rorat

218 5753 297 5793 mm
348 5755 371 5793 et
405 5753 433 5793 Ol
444 5754 494 5793 lm.
1317 5766 1328 5791 ι
