4009 6184
161 269 211 329 833
670 259 909 318 coatttettttlttl
929 259 960 314 lb
981 257 1142 315 nenestlt.
1163 257 1228 313 llll.
1247 256 1270 312 l.
1739 253 1791 313 bat

163 386 231 438 tibus
245 379 378 447 concepti,
390 377 453 432 eliu
470 375 576 431 delictis
589 385 726 446 generati:
745 364 796 433 sed
829 373 881 429 uod
891 373 947 443 jam
963 379 988 438 Α
1003 388 1083 430 ιιιιιιε
1097 383 1126 429 ει
1139 374 1317 441 immundum,
1333 372 1435 429 dietum
1449 380 1491 427 est
1505 371 1561 426 tltt:
1576 371 1652 440 Quod
1664 371 1803 445 becapa-

161 452 245 510 renati
260 466 294 506 ex
313 462 380 515 equs
401 458 427 502 et
438 446 541 515 Spiritu
551 456 644 501 sancto
656 458 729 501 recte
743 389 837 500 inungi
848 445 948 569 appet—
1001 445 1120 513 ripeatit,
1143 452 1171 496 tar
1188 460 1221 498 ne
1234 461 1368 501 ronrmsne
1382 442 1490 509 ateiris,
1516 441 1542 496 id
1564 454 1616 508 est,
1635 459 1703 511 quos
1720 443 1792 499 Deos

161 526 267 586 lentnr;
282 527 307 574 et
324 517 363 572 sic
387 516 557 588 postmodum
582 530 665 585 super
687 516 775 570 alnes
789 514 881 570 ltdeio
902 514 950 570 lati
1000 513 1116 584 gratuita
1131 513 1304 570 miseratione
1322 532 1354 570 ει
1371 517 1442 567 rosis
1454 515 1501 567 irae
1515 527 1577 565 rasa
1598 514 1792 570 misericordiae

161 597 216 649 sint
239 591 295 645 [leo
309 588 393 651 Patri,
409 586 562 641 murtillcati
588 601 688 651 carne,
710 585 837 639 ririltcati
858 594 948 639 autem
1001 599 1051 653 per
1077 583 1203 652 Spiritum
1227 585 1446 651 sartotilioatiouis
1468 582 1630 638 remittendo
1654 589 1789 649 praeterita

162 662 269 733 spiritu.
286 658 467 728 Odmatatque
488 666 524 711 est
547 655 673 710 Drusinae
687 656 789 709 adorem
801 654 951 720 ramirans,-
1002 661 1113 724 peocata
1129 651 1201 721 lecit,
1216 664 1243 709 tu
1260 656 1315 711 noli
1334 655 1409 711 relut
1429 653 1580 708 immundos
1595 668 1720 710 renuere.
1734 656 1792 710 Ett-

162 748 250 802 neque
262 732 332 783 enim
348 727 420 782 Deus
434 725 518 781 odore
531 728 649 781 carnium
674 735 721 781 aut
735 724 867 795 sanquine
881 725 950 779 irre·
1002 734 1082 793 copto
1096 723 1168 793 quod
1180 739 1289 780 carnem
1300 741 1361 780 curn
1373 726 1503 793 sanquine
1515 737 1568 777 non
1582 724 1750 779 comedetis:
1764 725 1791 780 id

164 801 331 857 tinnabiliuru
344 812 471 864 pecorum
486 795 652 849 delectatur:
664 795 735 864 qnod
750 810 780 850 se
796 795 888 863 utique
902 809 950 847 ne·
1002 802 1055 852 est.
1068 808 1129 848 cum
1141 794 1277 863 praetcrito
1288 806 1399 865 peccato
1410 808 1456 849 eos
1469 793 1502 846 ad
1515 792 1592 849 iidem
1605 795 1726 861 recipere
1738 811 1791 849 non

162 884 297 943 qrtaquant
313 866 463 937 exquisisse
488 880 536 935 per
549 864 647 919 isaiam
666 865 823 933 propbetatu
839 871 952 918 testatus
1003 862 1124 926 debetisr
1144 864 1193 918 sed
1214 865 1264 933 ipsi
1291 882 1366 919 more
1381 879 1458 933 eque
1482 877 1530 930 per
1550 863 1748 919 confessionem
1765 868 1791 919 in

163 950 204 997 est
214 959 223 1005 ;
234 938 281 994 sed
302 939 431 992 odoratus
455 943 507 1003 est,
524 936 575 989 boc
593 944 645 1002 est,
658 934 825 999 delectatus,
841 931 950 986 bornuni
1002 942 1148 1001 conspectu
1170 933 1276 990 Domini
1288 932 1436 995 effundere,
1451 942 1499 987 aut
1515 945 1589 990 certe
1603 936 1630 988 iu
1645 942 1716 990 terra
1731 936 1793 991 ιιι-

181 1002 316 1065 enerisad
340 1021 369 1060 se
384 1006 586 1060 corruersionent
600 1014 628 1058 et
642 1004 757 1058 salutem
772 1001 950 1057 credentium.
1003 1002 1139 1068 condere,
1162 1003 1188 1055 in
1202 1019 1250 1057 sua
1264 1005 1388 1059 uidelicet
1407 1014 1497 1066 carno,
1514 1019 1547 1057 ex
1559 1019 1610 1070 qua
1630 1013 1718 1059 ortum
1739 1016 1792 1070 est,

163 1029 296 1150 {equitur
310 1094 317 1129 :
333 1074 500 1147 Nequaquam
515 1075 582 1128 altra
595 1073 744 1126 maledicam
763 1079 953 1141 sarapropter
1005 1070 1104 1152 debent
1128 1071 1303 1128 mortificare.
1317 1073 1370 1128 Sed
1393 1072 1456 1141 quia
1476 1074 1525 1126 istu
1541 1073 1593 1127 iltis
1617 1075 1686 1129 inter
1700 1086 1794 1143 gentes

166 1150 301 1212 botnim3
322 1160 410 1201 ιειιιιιε
431 1146 498 1199 enim
517 1153 541 1197 ει
562 1143 681 1213 coqitatio
703 1140 809 1195 bomani
827 1142 912 1194 aaran
926 1139 954 1192 in
1005 1141 1157 1211 aperiturus,
1186 1144 1302 1197 lntrtrum
1324 1149 1384 1198 erat
1403 1143 1463 1197 illus
1483 1144 1694 1210 persecutionem
1719 1143 1795 1200 nabi-

165 1221 264 1275 malam
279 1232 359 1284 mona
370 1224 432 1269 ειιιιι
444 1214 476 1268 al
489 1211 659 1266 adulmmntia
673 1227 730 1266 aaa.
747 1209 809 1266 Non
821 1209 900 1281 iqitur
914 1209 955 1263 al·
1006 1219 1082 1266 turos
1094 1213 1129 1265 ab
1151 1210 1315 1279 infidelibus,
1339 1228 1402 1267 mox
1425 1211 1458 1266 ad
1472 1213 1683 1269 consolationem
1699 1228 1792 1268 eorum

166 1303 206 1345 tra
227 1291 367 1357 percutiam
391 1299 489 1338 omtrem
511 1282 665 1336 animantem
679 1283 744 1335 sicat
769 1281 828 1350 leci.
847 1278 954 1347 sequa·
1007 1282 1088 1335 rerba
1099 1282 1265 1350 respondent
1278 1298 1286 1339 ι
1300 1282 1457 1353 Sanqtn'nam
1468 1282 1537 1335 enim
1548 1282 1796 1337 animaramaeatra·

166 1374 248 1429 quam
264 1358 335 1412 enirn
355 1366 415 1425 post
426 1353 651 1409 resurrectionem
668 1351 877 1406 dominabuntur
894 1362 957 1403 eor·
1007 1367 1065 1405 rant
1079 1352 1210 1420 requiram
1231 1353 1263 1406 de
1281 1369 1360 1406 noane
1379 1353 1694 1419 conclamatissimum
1710 1366 1797 1422 neque

187 1429 281 1484 ..ribus
296 1426 359 1480 rltia
372 1436 452 1493 arque
464 1431 584 1492 peecata,
599 1436 685 1491 neque
709 1418 877 1488 corruptioni
892 1418 956 1473 sub·
1007 1420 1195 1484 enimenim,
1210 1436 1270 1492 quse
1286 1436 1331 1477 res
1345 1425 1504 1488 incorporea
1518 1433 1559 1477 est
1576 1423 1601 1478 in
1616 1437 1663 1478 sua
1687 1432 1795 1492 natura,

165 1500 295 1570 lucebunt
312 1504 340 1549 et
352 1494 431 1549 ororti
444 1504 567 1562 corpora,
579 1506 639 1561 quae
654 1500 714 1559 post
728 1490 955 1545 resurrectionem
1008 1491 1164 1561 sanquinem
1178 1490 1270 1558 hebet,
1293 1492 1336 1547 sel
1360 1491 1454 1546 bestiae
1477 1491 1565 1546 brutae
1586 1504 1613 1548 et
1633 1494 1735 1564 absque
1753 1508 1797 1547 ra·

166 1572 201 1622 ad
215 1569 329 1638 qluriatu
339 1562 723 1632 iminuiats,iucorruptiortem
731 1566 760 1616 ει
770 1559 956 1615 ιιιιιιιοιιιιιιι-
1008 1561 1093 1629 tione,
1109 1575 1157 1631 pru
1179 1561 1298 1633 quolibet
1312 1560 1383 1618 lacto
1405 1561 1551 1631 aliquando
1574 1557 1629 1618 beo
1650 1563 1798 1619 redditurae

167 1631 620 1702 ιειιιειιιιιιεεεριιιιε.8ειιιιίιιιιι
1008 1639 1072 1686 sunt
1085 1633 1233 1698 rationem
1257 1631 1305 1688 aed
1331 1647 1379 1700 per
1399 1630 1555 1700 sanquinem
1580 1630 1688 1699 attimar,
1713 1634 1796 1688 ritem

196 1706 282 1778 ,lcap
306 1702 353 1759 li.
374 1730 410 1745 ·-
437 1701 514 1756 llere.
534 1702 548 1756 l
568 1699 656 1770 seqq.)
679 1694 863 1768 benedicitque
885 1695 956 1752 ὓειι
1008 1700 1716 1759 ειιιιίειοιιιιιιιειιιοιιειιιιε.Βεειίιεειιιειιιιιοείιι
1735 1702 1797 1758 luco

168 1776 231 1833 Nae
244 1784 268 1831 ει
281 1775 342 1845 filiis
354 1776 420 1845 ejsa,
435 1781 460 1827 ει
473 1771 537 1825 diait
549 1768 810 1824 adseverantem
826 1767 954 1840 multipli·
971 1744 993 1805 Β
1007 1777 1197 1840 persecutores
1219 1787 1252 1828 es
1273 1771 1400 1896 fferrtibus
1422 1770 1552 1827 debemus
1574 1771 1734 1841 intelligere,
1749 1772 1797 1842 qtti

166 1845 275 1912 ramira,
302 1841 443 1911 olimpias
467 1850 577 1904 terram
587 1848 612 1894 et
627 1847 797 1893 temeranter
810 1854 841 1891 aa
861 1849 956 1892 tremor
1007 1852 1082 1896 ruore
1097 1840 1243 1898 bestiarum
1256 1856 1272 1897 a
1292 1856 1384 1898 ιειειιε
1396 1841 1443 1895 bei
1458 1840 1650 1896 sarrctbssuam
1662 1841 1793 1899 malitiam

167 1919 204 1972 ait
218 1931 294 1987 asper
306 1920 397 1968 cancta
415 1911 539 1965 animalia
563 1918 648 1972 terrta,
660 1917 684 1962 et
696 1924 772 1977 saper
785 1923 872 1962 omnes
884 1906 957 1961 oola·
1007 1920 1198 1967 exercuerunt.
1214 1912 1295 1980 Quod
1309 1926 1373 1967 reru
1386 1910 1488 1966 addidit
1502 1928 1509 1965 :
1526 1909 1566 1965 De
1583 1926 1660 1966 mana
1677 1912 1797 1979 Ιιιιιιὶιιῑι,

168 2004 227 2041 crea
240 1985 309 2050 eon,
332 1997 390 2037 cant
404 1980 594 2051 uniuersisque
604 1986 734 2033 mouentur
751 1979 779 2031 ln
792 1986 869 2032 terra.
883 1976 957 2044 Qun·
1007 1981 1116 2036 eosdem
1139 1993 1326 2048 persecutores
1339 1991 1393 2036 lant
1407 1996 1441 2035 ex
1456 1980 1556 2037 ludaris
1570 1996 1648 2051 quarn
1663 1996 1698 2037 ex
1711 1984 1798 2053 genti-

168 2073 230 2112 rnm
245 2064 377 2111 terrorac
390 2062 489 2106 tremor
509 2064 591 2119 super
604 2047 730 2103 animalia
741 2054 820 2102 lerrae
835 2047 958 2116 praeeipi-
1007 2050 1058 2106 bns
1072 2051 1157 2106 voluit
1178 2051 1377 2119 demonstrare,
1391 2052 1453 2121 quia
1473 2061 1500 2108 et
1519 2050 1642 2107 homiues
1661 2066 1725 2108 suin
1750 2068 1798 2122 per

169 2138 227 2188 tur,
239 2124 359 2196 proiecto
371 2136 432 2177 esse
446 2134 527 2189 super
550 2120 671 2175 homiues
693 2117 860 2187 prohibetur,
877 2118 958 2171 boum
1007 2130 1142 2187 naturane,
1155 2130 1183 2178 el
1196 2123 1290 2178 bestiae
1306 2136 1353 2192 per
1366 2123 1506 2178 eaeribam.
1519 2119 1620 2177 Deinde
1636 2123 1798 2178 subsecutus

168 2197 271 2267 quippe
296 2192 382 2249 brutis
404 2191 585 2256 animalibus,
613 2203 666 2243 nou
692 2199 781 2242 autem
805 2186 959 2242 bominibus
1008 2200 1048 2247 eal
1061 2207 1068 2244 ι
1083 2190 1122 2247 lle
1136 2191 1214 2246 maire
1224 2192 1272 2246 oiri
1281 2201 1305 2248 ει
1316 2192 1405 2264 fratris
1418 2195 1476 2264 ejas
1487 2192 1614 2261 requiram
1627 2193 1739 2247 animam
1754 2194 1799 2248 lto-

169 2265 289 2331 εεειειὶι,
306 2274 401 2318 natura
415 2262 541 2332 prelatus
556 2269 613 2324 est;
624 2257 762 2341 etidcirco
779 2259 805 2311 ei
817 2258 916 2311 dicitur
929 2268 958 2339 ut
1009 2261 1097 2319 ntinla.
1121 2259 1204 2317 satra
1219 2262 1357 2320 intellectu
1382 2261 1512 2328 ltistorite,
1527 2277 1581 2332 quo
1604 2264 1693 2332 justus
1715 2262 1799 2332 ludet

170 2340 208 2392 ab
230 2334 402 2397 animalibus,
426 2343 453 2388 et
466 2346 519 2386 nou
542 2330 576 2385 ab
588 2332 697 2384 bomine
722 2336 875 2408 truncatura
897 2341 958 2395 truta
1009 2330 1081 2386 Deus
1104 2331 1192 2387 reddit
1207 2333 1350 2402 utricuiqne
1368 2331 1445 2402 juxta
1459 2346 1625 2402 operasna,
1650 2334 1797 2388 secundum

170 2415 269 2462 contra
284 2399 557 2471 naturamsuperblre
567 2410 618 2468 est,
632 2398 666 2453 ab
679 2398 958 2466 aequalirelletrmeri.
1009 2412 1126 2470 eruptum
1142 2402 1263 2459 ordinent
1279 2401 1425 2473 allegoriae,
1439 2401 1577 2456 lrnrrrinem
1592 2401 1667 2471 qnasi
1682 2404 1801 2458 rationa-

171 2477 300 2548 Sequitur
315 2492 322 2529 :
337 2472 429 2528 Omlnes
443 2475 524 2543 places
548 2470 626 2523 maria
649 2468 737 2522 manui
762 2477 852 2522 nestra
869 2467 960 2520 traditi
1011 2471 1092 2526 bilem
1110 2471 1196 2527 virum
1214 2482 1242 2528 er
1261 2474 1371 2528 tratrem
1393 2472 1494 2527 sanctis
1515 2472 1746 2540 predicatoribus,
1773 2475 1798 2528 id

170 2558 234 2603 ιιιιιι
253 2561 263 2598 :
276 2554 299 2601 ει
315 2559 389 2599 amne
405 2542 472 2612 quad
491 2550 604 2595 ιιιιιιειιιι
617 2549 641 2593 ει
654 2539 722 2603 uiuit,
739 2539 788 2592 erit
800 2538 869 2591 robis
883 2539 911 2591 itt
921 2539 959 2590 ci·
1010 2552 1062 2603 est,
1077 2542 1206 2611 apostolis
1221 2549 1249 2599 el
1267 2536 1412 2598 comitibus
1435 2556 1528 2597 eorum
1549 2541 1656 2597 iudaeos
1671 2542 1802 2598 debemus

173 2619 247 2682 bem,
261 2613 413 2686 qttosiolera
431 2611 538 2666 uirentia
551 2610 647 2664 tradidi
660 2608 730 2662 aubis
745 2612 841 2674 omnia,
856 2617 960 2687 excepto
1011 2612 1172 2682 intelligere,
1186 2612 1231 2683 qui
1246 2626 1279 2667 ea
1288 2627 1343 2668 uno
1357 2622 1434 2682 patra
1447 2612 1499 2668 orti
1512 2621 1585 2677 suut,
1599 2612 1670 2667 etde
1685 2612 1802 2669 Abrabae

172 2687 246 2760 qaod
271 2700 372 2740 carnem
394 2698 451 2737 cam
464 2697 510 2736 ran
531 2683 588 2735 aine
614 2696 666 2733 tran
680 2679 826 2733 comedetis.
842 2678 962 2732 blortict·
1011 2685 1135 2753 prosapia
1159 2681 1371 2748 descenderunt,
1416 2682 1442 2739 ui
1469 2681 1580 2737 eosdem
1608 2681 1800 2748 praedicaturus

173 2758 249 2813 trium
261 2753 392 2811 autemad
402 2767 492 2808 escam
507 2699 647 2806 ffuminum
661 2750 721 2804 usui
731 2764 784 2804 rtou
796 2747 916 2813 admisit,
928 2761 961 2803 eo
1011 2762 1119 2807 sanctos
1129 2764 1203 2808 extra
1215 2752 1385 2825 synagogam
1397 2697 1535 2818 aceruum
1550 2760 1576 2806 et
1590 2750 1653 2807 dum
1667 2767 1716 2809 eos
1729 2755 1800 2810 occi·

173 2828 248 2899 quud
275 2840 328 2880 non
352 2822 516 2886 occisorum,
542 2823 589 2876 sed
614 2829 782 2875 mortuorum
806 2818 961 2900 animalium
1012 2821 1110 2877 derunt
1130 2823 1171 2877 rel
1193 2824 1327 2892 persecuti
1347 2829 1419 2889 sunt,
1439 2822 1561 2877 arbitrati
1583 2833 1645 2876 sunt
1668 2838 1699 2878 ιε
1722 2825 1799 2879 obse·

173 2895 299 2953 morbida
314 2909 377 2951 earo
398 2900 450 2956 est,
466 2904 591 2961 occepta
604 2890 751 2945 adsalutem
764 2903 899 2959 corporis,
916 2902 962 2943 cu·
1012 2895 1103 2963 quium
1118 2900 1248 2962 prestare
1272 2891 1456 2959 {lenonibus
1472 2891 1599 2948 Dominus
1613 2894 1756 2959 promittit,
1776 2891 1802 2949 iti

172 2968 219 3040 jus
233 2980 313 3022 eausa
328 2964 459 3020 sumimus
481 2962 648 3017 alimentum.
663 2958 730 3014 tttud
753 2975 820 3014 sero
843 2958 914 3029 quod
934 2959 961 3013 in
1013 2973 1064 3030 est,
1079 2973 1107 3019 et
1117 2963 1333 3031 persecutoribus
1345 2976 1379 3016 es
1392 2960 1526 3032 gentibus,
1541 2961 1617 3088 quasi
1630 2961 1801 3018 irrationabi-

173 3038 288 3095 Actibus
302 3033 670 3156 apostolorumaqraeceptutn
682 3029 717 3085 ab
729 3029 859 3100 apostolis
872 3030 960 3100 qenti·
1015 3033 1085 3087 libus
1096 3033 1208 3099 bestiis;
1222 3042 1251 3089 et
1260 3032 1422 3096 bominibus,
1432 3031 1483 3087 boc
1492 3041 1545 3097 εει,
1571 3032 1749 3102 adstruunt
1759 3049 1804 3089 ra·

174 3109 229 3163 bus
251 3107 418 3176 impositum,
442 3113 470 3157 nt
517 3104 638 3156 uiuerent
654 3108 748 3171 gentes
762 3109 865 3154 ιειιιιιιιι
880 3102 1000 3170 afar-c
1017 3103 1089 3159 tione
1099 3104 1247 3171 utentibus,
1260 3102 1307 3174 qui
1319 3101 1371 3158 slbi
1384 3101 1626 3171 seeundumleqeru
1641 3103 1801 3160 aidelrantur

174 3179 313 3243 miratione,
335 3185 361 3231 ει
374 3174 405 3228 ab
418 3172 557 3227 immolatis
571 3182 595 3227 ει
618 3188 635 3225 a
663 3171 789 3243 sanquine
807 3171 877 3242 (tet.
893 3170 938 3242 ιι)
953 3186 960 3223 :
1016 3177 1140 3244 persequi
1154 3173 1292 3243 apostolos
1304 3190 1312 3227 ε
1325 3173 1446 3244 utrisque
1463 3186 1512 3228 eos
1525 3171 1624 3241 injusta
1639 3186 1805 3245 persequen-

175 3248 205 3304 id
219 3255 271 3316 εει,
285 3260 338 3302 non
351 3244 463 3301 ederent
477 3255 585 3297 carnem
598 3241 676 3312 cujus
686 3243 797 3312 sarrquis
820 3255 874 3296 nou
889 3247 964 3297 esset
1017 3244 1105 3308 tibus,
1120 3258 1168 3313 per
1182 3245 1280 3301 'ostam
1291 3241 1421 3313 iudicium
1435 3242 1587 3312 puniendos
1599 3256 1660 3299 ease
1671 3245 1804 3311 promisit,

175 3317 290 3384 effusus,
303 3314 375 3398 quod
389 3314 435 3369 elii
460 3326 513 3367 non
527 3312 567 3368 sic
588 3312 738 3381 intelligunt
751 3324 758 3365 t
770 3310 796 3366 id
818 3321 874 3376 εει,
890 3320 919 3364 ut
930 3324 965 3366 na
1052 3313 1175 3384 (lereti.
1199 3312 1484 3383 Quicumqaeeffuderit
1494 3311 1803 3387 bemanamaanpainem,

175 3387 240 3459 quis
250 3385 432 3441 bomtcidioae
446 3382 621 3450 ceritaniam,
636 3381 709 3452 quod
720 3381 828 3452 quidem
844 3389 891 3435 aut
912 3382 965 3436 isto
1015 3382 1162 3452 effundetur
1174 3385 1279 3456 sanquis
1289 3386 1355 3455 ejas.
1367 3383 1496 3440 llotuiues
1510 3384 1562 3438 lroc
1576 3385 1603 3438 in
1614 3384 1684 3448 loco,
1694 3397 1804 3441 sanctos

176 3469 225 3513 aut
235 3456 414 3526 alioquolibet
425 3453 506 3508 ruodo
517 3469 526 3506 a
537 3468 598 3507 uam
613 3454 663 3508 ista
670 3451 856 3507 tantummodo
869 3452 962 3507 obser·
1015 3454 1102 3511 voluit
1113 3454 1311 3522 demonstrare,
1325 3462 1417 3522 utpote
1430 3452 1590 3519 rationales:
1602 3452 1719 3523 quidest
1732 3457 1804 3512 eulro

178 3526 270 3582 vando
284 3526 357 3581 nullo
379 3523 461 3580 tando
485 3536 546 3579 esse
572 3530 696 3593 poteraut
716 3520 879 3586 Clarissimum
903 3521 965 3592 quis
1016 3523 1126 3580 dicere:
1143 3524 1302 3595 Quicumque
1313 3522 1432 3590 epotata
1445 3520 1585 3577 inmanem
1596 3523 1758 3595 mnpua'nem,
1768 3526 1807 3595 el·

177 3598 252 3653 enirn
276 3595 377 3651 neseiat
396 3593 453 3650 Noe
475 3594 575 3662 atejus
600 3593 671 3647 lrlios
689 3593 857 3663 significasse
873 3591 964 3647 lesuin
1016 3589 1138 3665 {andater
1160 3595 1266 3666 aartqair
1280 3594 1355 3664 ejaal
1369 3595 1408 3648 Aa
1420 3592 1443 3648 si
1467 3602 1559 3663 aperte
1572 3591 1662 3647 dieat:
1678 3594 1806 3658 Quicum-

178 3667 317 3723 Cbristutn
329 3675 356 3720 et
368 3679 431 3720 suos
445 3661 643 3732 predicatores,
659 3663 731 3732 quia
747 3661 801 3716 beo
825 3664 907 3717 Patra
920 3662 968 3715 be·
1016 3678 1069 3734 que
1080 3677 1128 3719 eos
1147 3663 1289 3734 temporali
1300 3670 1386 3718 morte
1399 3662 1498 3731 lrtjuste
1517 3661 1697 3726 mulctaverit,
1711 3678 1807 3734 perpe·

180 3737 360 3793 sedictionem
383 3740 562 3806 personemus
585 3734 612 3788 in
637 3732 813 3795 caelestibus,
844 3734 871 3786 iu
892 3730 966 3786 omiti
1018 3741 1061 3790 lua
1077 3741 1175 3797 ιιιοιιε,
1190 3734 1307 3799 ιιοεεει,
1327 3730 1513 3798 damnatione,
1529 3733 1663 3800 punietur.
1686 3730 1800 3788 Adime

179 3806 370 3862 benedictione
388 3802 519 3874 spiritali?
532 3802 577 3873 qui
602 3811 665 3857 tuuc
676 3801 745 3873 jussi
759 3810 824 3857 sunt
840 3815 967 3857 crescere
1017 3804 1100 3886 qinom
1121 3804 1183 3874 qnip
1201 3819 1216 3857 e
1231 3796 1281 3856 Dei
1303 3802 1387 3871 laetae
1410 3811 1446 3857 ιιι
1468 3800 1557 3856 ltomo.
1582 3801 1654 3857 Vere
1676 3804 1749 3858 enirn
1772 3805 1807 3859 ad

179 3887 210 3933 et
231 3876 414 3946 multiplicari,
437 3872 545 3945 quaudo
559 3871 640 3928 veluti
667 3874 701 3928 de
712 3885 775 3926 area
798 3871 917 3942 egressi,
933 3871 968 3925 de
1017 3875 1160 3942 tmaqiocm
1175 3820 1223 3928 ὕει
1238 3873 1275 3927 itii
1289 3872 1390 3928 ernuditi
1404 3881 1477 3936 sunt,
1490 3870 1537 3943 qui
1558 3873 1668 3929 student
1685 3873 1805 3943 quotidie

181 3946 350 4002 Hierusalem
365 3956 392 4001 et
405 3943 496 4000 iudaea
509 3942 635 4011 dispersi,
651 3942 726 4012 quasi
750 3947 849 3997 terram
864 3940 966 4011 ingredi
1018 3941 1183 3999 mortitioare
1205 3944 1326 3998 membra
1349 3955 1408 4007 sua,
1434 3958 1493 4012 quae
1513 3952 1577 3996 sunt
1601 3956 1684 4012 super
1709 3954 1808 3998 terram

182 4016 310 4088 precepti
331 4025 402 4082 suut,
423 4015 487 4068 dnm
504 4023 600 4068 euntes
623 4013 649 4067 in
673 4010 801 4066 metrdum
814 4012 882 4080 jussi
904 4018 970 4065 ειιιιι
1019 4011 1131 4137 ffoloar.
1142 4012 1194 4083 ιιι),
1205 4011 1364 4068 etrenotari
1377 4012 1474 4082 spiritu
1486 4013 1649 4081 mentis,qui
1660 4015 1808 4070 secundum

181 4086 329 4157 predicare
344 4085 515 4154 Euangelium
542 4083 616 4137 otuni
626 4091 757 4137 creaturae
771 4097 780 4148 ;
795 4090 823 4137 et
834 4091 898 4135 tunc
911 4081 969 4150 spi·
1044 4098 1104 4139 enm
1115 4091 1222 4137 creatus
1236 4093 1278 4137 εει
1293 4079 1402 4152 (Εριιει.
1419 4085 1469 4152 ιι),
1481 4081 1528 4153 qul
1541 4082 1680 4150 deponuol
1695 4085 1808 4141 urerrda·

182 4156 299 4213 ritaliter
309 4164 454 4211 creverunt
464 4151 680 4217 inilliis,aauctis
690 4151 969 4219 videlicetdiseipulis,
1019 4153 1102 4218 ciunt,
1114 4160 1141 4206 et
1151 4153 1297 4222 loquuntur
1306 4153 1446 4208 raritatem
1459 4152 1588 4223 plurimis
1600 4154 1736 4222 sciscam
1749 4155 1811 4226 qui·

181 4234 212 4282 ει
224 4227 334 4296 copiosa
349 4225 685 4280 multitudinecaeteromm
699 4222 834 4287 bdelium
849 4231 970 4277 etterror
1020 4222 1071 4277 bus
1086 4231 1149 4276 sunt
1161 4223 1277 4277 invicem
1290 4222 1419 4277 membra.
1433 4222 1577 4292 Sequitur:

183 4310 217 4351 ac
232 4306 332 4352 tremor
344 4309 438 4350 eorum
452 4293 503 4347 luit
520 4299 711 4363 superstructa
726 4291 851 4346 animalia
866 4299 944 4347 terrae
959 4308 967 4345 a
1056 4292 1148 4359 (lere.
1161 4292 1200 4365 7.)
1218 4291 1270 4347 Vos
1287 4304 1373 4347 antem
1393 4294 1498 4347 neeriae
1511 4302 1533 4346 et
1549 4290 1771 4360 multiplicamini,
1785 4303 1811 4349 ει

182 4378 279 4436 gentes
297 4364 410 4431 scilicet,
426 4379 486 4434 quae
497 4378 572 4419 more
590 4362 813 4417 irrationabilium
838 4376 968 4430 pecorum
1021 4361 1270 4446 lnqredimioiaaper
1282 4372 1386 4429 taram,
1402 4374 1426 4416 ει
1439 4362 1540 4432 implete
1556 4378 1623 4416 eam.
1646 4365 1685 4417 dd
1700 4365 1810 4420 eusdem

184 4438 226 4490 tel
239 4433 577 4492 animaliumrersabantur
591 4434 617 4487 in
628 4433 776 4489 mutrdozet
786 4447 968 4502 superonrnus
984 4445 1129 4523 Dsauetos
1150 4435 1338 4501 predicatores
1356 4433 1439 4486 rerba
1464 4432 1648 4486 exhortatoria
1671 4445 1754 4501 sunt,
1782 4445 1812 4489 ut

184 4502 968 4573 restauremus,sapientesuttquemumli,quiinurentium
1022 4505 1170 4573 postposito
1194 4503 1291 4558 timore
1312 4515 1366 4570 quo
1389 4516 1488 4570 corpus
1508 4501 1651 4569 occiditur,
1672 4510 1700 4559 el
1721 4504 1811 4558 aniona

184 4574 425 4631 dumdecreaturis
433 4576 474 4629 rel
481 4572 687 4630 elementissoeli
701 4583 728 4628 et
741 4573 969 4638 terradisputare
1021 4573 1086 4627 uiltil
1100 4571 1257 4642 impeditur,
1273 4578 1409 4637 crescant,
1424 4574 1482 4627 sire
1496 4573 1523 4627 in
1544 4572 1696 4639 uirtutibus,
1713 4576 1770 4630 sire
1784 4577 1811 4628 in

186 4646 349 4710 nitebantur,
361 4645 436 4714 quasi
448 4658 513 4698 ares
527 4642 553 4697 in
572 4645 669 4699 eoelum
690 4643 783 4699 rotare
798 4643 968 4697 ridebantur.
1021 4645 1215 4698 numerositate
1233 4642 1399 4698 credentiam
1425 4642 1654 4712 multiplicantem
1673 4652 1702 4698 et
1720 4645 1812 4716 ingre·

184 4717 262 4771 'lene
285 4717 365 4770 etiarn
382 4716 470 4782 plsees
483 4713 566 4768 maris
580 4714 670 4767 niatrui
685 4711 793 4768 illorum
805 4713 896 4767 traditi
908 4723 970 4768 suin
1021 4713 1128 4769 diautur
1142 4727 1223 4783 super
1243 4724 1341 4769 terram
1357 4712 1540 4783 predicando,
1555 4725 1582 4768 ει
1605 4712 1735 4782 impleant
1752 4729 1812 4771 earu

184 4786 294 4856 quando
311 4787 409 4840 cariosi
427 4784 527 4854 quique
543 4793 570 4838 ει
592 4783 812 4838 ectionessarculi
824 4791 969 4850 εεειειιιεε,
1021 4782 1155 4850 ducendo,
1166 4793 1192 4838 el
1201 4784 1325 4838 mirabile
1339 4782 1551 4839 demonstrando
1560 4781 1660 4839 (ibristi
1672 4799 1770 4842 nomeu
1785 4787 1813 4840 in

184 4867 214 4911 et
228 4857 273 4926 qui
285 4855 407 4910 inllrmos
421 4867 541 4923 quosque
549 4861 576 4907 el
591 4852 712 4920 pusillos,
726 4854 771 4922 qui
786 4869 816 4908 se
825 4854 971 4910 defendere
1022 4853 1150 4916 universa
1162 4862 1233 4909 terra
1246 4871 1253 4907 z
1267 4854 1329 4925 qnia
1343 4853 1407 4908 dum
1418 4853 1471 4909 boc
1481 4855 1509 4909 in
1523 4852 1689 4922 bominibus,
1701 4857 1814 4918 ιιιιεειι,

185 4940 240 4980 riou
254 4926 387 4989 valebant,
394 4922 458 4977 dunt
469 4922 665 4992 exspoliabant,
680 4923 756 4991 quasi
771 4938 847 4978 more
856 4922 968 4992 piscium

185 5010 234 5051 ears
246 4992 482 5058 devorabaut3sed
491 5002 584 5055 poena
594 4994 627 5046 ad
635 4993 969 5063 praedtmtlunemaposto·

187 5068 286 5130 lurum,
301 5064 459 5136 quidudum
471 5062 557 5117 aliena
568 5064 718 5131 rapiebant,
732 5071 875 5129 creuerunt
888 5065 969 5119 etlam

187 5139 295 5204 propria
318 5135 419 5203 largiri.
442 5132 636 5202 impletumque
654 5144 697 5187 est
719 5133 784 5187 illud
806 5133 876 5202 qnod
890 5142 970 5188 antea

187 5207 318 5276 propbeta
330 5220 365 5259 ex
376 5217 471 5259 eurum
486 5218 599 5272 persona
610 5205 718 5267 cecinit,
730 5203 823 5258 dicens
835 5223 842 5257 ε
859 5204 971 5272 Sablesit

186 5276 295 5347 popular
308 5274 392 5341 ιιοιιιι,
407 5284 431 5327 ει
447 5283 533 5354 qanta
546 5275 593 5326 aab
609 5273 714 5344 pedibas
728 5274 832 5327 nostris.
847 5272 882 5327 Et
896 5289 971 5327 omne

186 5346 256 5415 qttod
268 5354 380 5399 mmetrr
392 5351 416 5397 et
429 5343 499 5407 aruit,
520 5343 567 5396 erit
580 5345 648 5396 robis
661 5346 688 5397 in
700 5359 793 5408 eseam,
807 5345 882 5414 qnasi
900 5343 971 5397 olere

187 5416 296 5469 urentur
303 5414 401 5468 tradidi
412 5412 481 5467 aubia
491 5411 577 5466 omnio
598 5410 674 5481 (Gen.
687 5416 727 5489 ta)
740 5435 749 5473 ι
763 5413 854 5477 idest,
869 5420 897 5468 ul
909 5428 971 5468 eum

187 5487 232 5552 qni
246 5500 282 5540 ert
297 5485 501 5539 circumcisione
511 5492 563 5545 εει,
579 5481 614 5535 ita
625 5492 655 5537 et
668 5495 712 5554 qut
724 5498 759 5538 ea
775 5484 900 5553 pentibus
915 5483 971 5551 pori

188 5554 270 5611 noae
282 5557 315 5609 ed
328 5553 408 5610 tidem
420 5553 581 5622 recipietur:
593 5552 663 5607 sieut
672 5560 701 5609 et
711 5553 792 5608 Petro
801 5555 902 5609 dictum
914 5564 970 5610 est:

189 5623 285 5696 Saepe,
298 5621 386 5690 Patre,
400 5636 485 5677 maara
494 5631 518 5677 et
527 5623 655 5677 manduca
666 5623 733 5695 (det.
742 5622 782 5694 a).
797 5623 918 5695 Cumque
928 5625 974 5680 ille

188 5696 328 5752 renuendo
339 5694 541 5752 diemetnenre
555 5695 702 5765 aliquando
713 5695 890 5752 manducasse
900 5709 973 5752 autu·

1023 4923 1071 4980 liei
1085 4923 1191 4990 notitia,
1216 4923 1283 4980 tides
1297 4922 1339 4979 rel
1354 4922 1450 4994 religio
1465 4938 1520 4978 non
1534 4930 1604 4990 erut,
1619 4926 1696 4991 quasi
1712 4924 1814 4994 absque

1022 4995 1126 5051 cultore
1148 5004 1223 5050 terra
1243 4992 1352 5050 deserta
1370 5004 1399 5050 ει
1419 4992 1603 5050 tntabtnbttu
1622 5001 1691 5048 erat.
1717 4993 1815 5065 Sequi·

1023 5072 1086 5119 tur:

1059 5134 1150 5207 (Vere.
1164 5133 1222 5206 li.)
1245 5133 1365 5205 oretque
1387 5132 1479 5189 Deae:
1502 5131 1562 5190 Hac
1582 5135 1683 5209 tiquam
1702 5132 1816 5207 ιἰειιειίι,

1023 5207 1091 5274 qaod
1106 5205 1219 5259 deinter
1232 5219 1273 5258 me
1292 5215 1315 5257 ει
1331 5219 1396 5259 aar:
1411 5205 1506 5258 Aream
1524 5221 1609 5260 meum
1621 5220 1714 5277 ponam
1727 5206 1754 5258 iu
1768 5220 1817 5259 tre·

1025 5275 1115 5329 bibus:
1128 5275 1212 5328 eterit
1226 5277 1326 5344 siquam
1340 5273 1443 5356 [edema
1452 5274 1520 5328 inter
1536 5290 1576 5330 me
1588 5285 1611 5329 ει
1632 5276 1698 5331 inter
1710 5284 1817 5330 terram.

1025 5345 1140 5413 Cumque
1151 5344 1392 5399 obdureronubrbaa
1403 5344 1506 5409 eoelam,
1517 5344 1650 5416 apparebit
1660 5362 1734 5401 areas
1745 5360 1818 5400 meaa

1024 5415 1052 5468 iar
1066 5416 1193 5469 nubiles:
1207 5425 1230 5468 ει
1240 5414 1394 5468 recordabor
1405 5413 1508 5482 sedena
1522 5415 1582 5482 mei,
1596 5415 1666 5488 qnod
1677 5417 1735 5488 pepi
1753 5416 1819 5469 iao-

1025 5484 1133 5538 iiaeam.
1150 5490 1237 5539 erens
1251 5493 1364 5553 propter
1375 5484 1480 5554 siquam
1492 5485 1680 5541 securitatisin
1744 5499 1820 5556 opo·

1025 5557 1093 5609 sitos
1107 5563 1147 5609 est
1175 5564 1205 5610 ut
1218 5555 1252 5609 ab
1268 5554 1396 5608 erunibus
1414 5554 1510 5622 inspici
1526 5558 1666 5626 potuisset.
1683 5556 1715 5613 lit
1730 5559 1818 5626 ipsum

1027 5639 1135 5695 siquem
1147 5594 1177 5679 ln
1194 5624 1256 5695 igne
1269 5633 1296 5679 et
1306 5637 1375 5694 aqua
1389 5625 1549 5693 ostenditur,
1564 5629 1626 5696 quia
1640 5641 1675 5682 ex
1689 5635 1766 5698 pane
1779 5636 1822 5681 est

1026 5697 1160 5753 ceruleus
1174 5704 1203 5754 et
1214 5709 1247 5753 ει
1258 5702 1335 5767 parte
1350 5693 1605 5768 rubicundosque
1620 5699 1761 5772 utriusque
1778 5693 1821 5768 lu·
