4009 6184
136 238 215 296 laio
434 243 615 304 cruscula
629 229 751 303 'nbula
762 275 799 288 -
810 244 929 306 senatu
948 248 994 306 ul:
1013 249 1192 310 bruscum
1210 252 1240 311 S.
1260 253 1410 313 GENBSll.

581 460 920 578 SANG'H
955 466 1332 584 mnsam

719 623 723 640 ⁴
751 657 990 719 macareusts
1008 659 1166 720 nrtscorr

489 801 1025 1002 opuscuuu
1069 808 1425 957 onata.

774 1041 1121 1069 ‘-*—-

732 1159 867 1223 snauo
883 1160 956 1224 sau
970 1162 1179 1227 ιιιιιιιιι

555 1316 634 1399 DE
670 1314 985 1402 MIRACULO
1022 1319 1070 1405 S·
1109 1321 1347 1408 GENESII

748 1468 912 1521 daunais
928 1467 1158 1528 ausarensis.

773 1591 819 1655 [Ex
831 1593 905 1644 Surio
915 1594 958 1646 dle
970 1596 1001 1647 25
1013 1596 1137 1664 sagati]

153 1721 250 1794 (lpera
263 1719 311 1778 liei
326 1735 436 1777 narrare
451 1719 629 1777 honorificem
654 1730 697 1776 est
712 1735 720 1774 ι
740 1735 807 1791 ergo
828 1735 921 1792 operas
935 1725 958 1784 Α
973 1723 1081 1780 nalibtts
1103 1724 1206 1783 Christi
1226 1740 1288 1783 cum
1321 1728 1352 1784 S.
1379 1728 1496 1787 Genesin
1523 1744 1604 1804 opout
1630 1742 1772 1806 praesentis

115 1815 244 1885 pretium
256 1823 298 1870 est
317 1811 447 1868 miracula
460 1810 526 1868 dicti
539 1813 629 1881 operis
640 1810 673 1865 ad
684 1810 714 1867 S.
727 1813 854 1883 martyris
867 1811 921 1869 (le-
972 1813 1040 1869 maii
1054 1814 1248 1885 impetraturus
1262 1827 1373 1875 astaret.
1385 1821 1542 1891 Agebantur
1554 1823 1662 1883 interim
1671 1832 1769 1899 grandi

114 1906 188 1961 nesii
204 1905 321 1976 gloriam
333 1902 474 1959 referenda
498 1917 619 1959 narrare.
634 1900 738 1957 Natalis
752 1902 822 1958 enim
835 1902 919 1973 ipsius
973 1904 1092 1962 tumultu
1102 1908 1256 1965 miseranda
1271 1909 1409 1983 naufragia
1425 1929 1433 1969 ι
1448 1915 1522 1971 ιιιιιι
1537 1915 1690 1976 bominibus
1703 1922 1769 1992 pba-

116 1994 163 2052 die
179 1994 312 2067 frequens
322 1994 367 2051 ille
381 1993 409 2050 in
423 1993 533 2050 ciuitate
551 1992 702 2049 Arelatensi
722 2007 813 2061 casus,
829 1993 920 2064 pontis
969 1995 1051 2054 lereti
1072 1998 1145 2070 equi,
1159 2000 1289 2071 impedito
1303 2003 1473 2075 indignantes
1483 2016 1586 2080 natatu,
1598 2012 1662 2067 aitis
1677 2023 1769 2083 pecto.

114 2085 229 2157 abrupti
245 2085 378 2157 periculo,
395 2084 491 2140 urbem
507 2093 590 2140 totam
601 2084 685 2139 nimio
710 2092 831 2141 tremore
853 2098 919 2141 con·
968 2088 1133 2147 ribuserura
1148 2092 1308 2151 innatabant
1322 2112 1329 2149 z
1343 2097 1474 2169 quidquid
1488 2099 1596 2158 obvium
1607 2103 1706 2173 ιιιιιι,
1718 2121 1767 2165 ιιι

113 2180 215 2248 cussit,
227 2188 257 2235 et
268 2177 457 2234 animissubiti
473 2177 581 2248 pauoris
598 2175 755 2233 discrimine
764 2178 915 2248 concussis,
968 2181 1100 2240 admoniti
1115 2185 1247 2255 periculo,
1259 2200 1307 2243 seu
1319 2188 1411 2259 pauidi
1423 2189 1563 2259 instinctu,
1576 2196 1766 2265 proculcantes

112 2270 302 2326 solemnitatis
315 2268 435 2326 laetitiam
451 2276 560 2340 recepta
575 2268 672 2324 salutis
684 2271 771 2340 gratis
784 2268 915 2326 laetiorem
968 2272 1066 2341 pauida
1078 2274 1196 2342 virtute3
1212 2275 1334 2348 impliciti
1349 2279 1441 2336 abacis
1455 2283 1581 2340 oneribus
1594 2295 1710 2342 matrum
1725 2288 1766 2344 ul·

113 2361 250 2432 reddidit,
263 2361 432 2431 iucunditate
446 2360 592 2431 duplicata.
620 2359 768 2417 Nemeum
791 2375 860 2431 quos
886 2362 915 2418 in
967 2378 1040 2431 nsm,
1057 2367 1179 2435 etprcssi
1194 2369 1285 2425 caucis
1310 2372 1508 2428 matronalibus
1531 2374 1636 2440 iamuli,
1660 2387 1688 2433 et
1709 2386 1765 2435 tota

113 2456 166 2512 bac
176 2455 342 2513 celebritate
358 2454 417 2525 plus
428 2454 510 2510 etiam
523 2468 604 2523 quam
623 2467 688 2508 suns
709 2453 803 2508 Arelas
831 2467 916 2523 popu·
967 2453 1074 2511 itineris
1085 2455 1127 2511 sui
1148 2457 1270 2513 immista
1295 2460 1471 2530 fragminibus
1495 2478 1594 2535 pompa
1617 2465 1758 2527 solemnis.

112 2543 155 2601 lus
170 2546 320 2617 coegisset,
336 2560 450 2615 quorum
464 2544 492 2600 in
506 2544 552 2600 illa
567 2545 613 2601 die
631 2543 737 2615 gaudiis
748 2544 805 2614 ipsa
819 2543 915 2600 civitas
966 2541 1052 2599 Nemo
1065 2544 1117 2600 boe
1127 2546 1187 2602 loeo
1202 2548 1289 2605 malus
1298 2547 1432 2621 interpres
1459 2564 1594 2622 occurrat,
1611 2571 1692 2617 nemo
1705 2569 1764 2617 tan·

110 2648 230 2712 angusta
241 2647 307 2704 erat,
324 2637 429 2694 semim
439 2646 467 2694 ιι
485 2639 573 2707 spatia
595 2651 765 2707 camporum,
785 2647 914 2708 surgente
966 2642 1021 2690 tam
1031 2636 1156 2708 martyris
1166 2638 1279 2709 gloriam
1291 2641 1406 2713 maligna
1417 2641 1616 2703 obtrectatione
1624 2649 1761 2722 obscuret,

109 2750 139 2789 tn
149 2735 274 2804 agmine,
285 2746 312 2789 et
322 2733 507 2789 laborantibus
523 2748 574 2789 sua
588 2734 693 2790 cunctis
706 2734 840 2790 densitate
855 2734 914 2790 ibat
964 2733 993 2782 el
1004 2726 1070 2796 ripae
1084 2728 1200 2786 uicinam
1214 2732 1322 2787 turbam
1335 2734 1427 2788 nullus
1446 2735 1558 2807 alleget,
1584 2754 1663 2796 tremo
1687 2743 1762 2801 vadus

109 2824 137 2879 lu
154 2824 426 2880 ulteriorisdumluis
452 2824 549 2893 ripam,
570 2825 598 2880 in
619 2826 751 2881 bonorem
773 2825 910 2897 martyris,
963 2829 1093 2888 exceptos
1107 2829 1220 2888 uectat,
1236 2837 1305 2892 quos
1319 2824 1405 2893 palam
1419 2824 1531 2882 dextera
1558 2828 1648 2886 divina
1669 2833 1760 2889 salva.

109 2914 226 2971 illiristo
240 2916 353 2971 deuotus
375 2917 512 2970 exereitus
541 2928 602 2970 cum
628 2914 720 2970 eboris
742 2915 910 2985 conjugibus,
944 2897 1014 2964 'vib
1027 2909 1157 2980 ὓθιιιιιι
1171 2913 1375 2984 peregrinorum
1391 2916 1536 2984 mercibus,
1561 2920 1683 2988 quotidie
1707 2923 1756 2978 iis-

108 3004 241 3061 dolcibus
260 3005 425 3075 pignoribus,
447 3006 523 3077 plura
547 3005 627 3061 simul
650 3005 782 3061 benellcia
806 3004 909 3062 babere
962 2998 1026 3057 deun
1038 3002 1103 3073 ripis
1118 3003 1345 3061 inaestimabilium
1356 3020 1469 3063 oncrum
1481 3010 1758 3084 narigieJungtmtur:

108 3094 257 3149 testinans.
273 3092 328 3150 Nec
338 3103 546 3151 contentusuno
557 3096 583 3150 in
596 3096 656 3151 ioco
666 3105 727 3152 rota
737 3096 908 3166 perlundere,
925 3096 950 3158 B
963 3107 1060 3150 narem
1075 3095 1131 3151 illic
1142 3094 1260 3152 lerendis
1272 3098 1410 3168 pontibus,
1427 3109 1563 3172 tamquam
1588 3104 1683 3175 jacere
1699 3105 1760 3163 tun.

108 3186 137 3242 in
151 3186 274 3244 eeclesia
289 3188 413 3259 pervigil,
429 3189 606 3246 antelucanus
623 3188 657 3245 sd
676 3189 765 3245 locum
781 3189 864 3247 endis
883 3200 911 3249 ιι
961 3185 1026 3240 dum
1041 3185 1199 3257 desperaret
1212 3188 1367 3260 aggeribus,
1383 3189 1520 3247 ordinatio
1533 3194 1641 3263 antiqua
1654 3196 1758 3252 eonsti-

107 3279 254 3352 sanguiuis
269 3280 431 3348 festinabam
448 3282 511 3337 item
523 3282 557 3336 ad
571 3281 725 3352 sepulcrum
749 3283 910 3354 gaudiorum
928 3265 934 3272 ⁸
963 3275 1022 3330 lull·
1036 3275 1151 3332 Tauium
1167 3279 1522 3351 cumbocrastogtrrgi102
1549 3283 1640 3353 ιῑῑιιιίὶ
1667 3287 1757 3357 populi

106 3369 258 3428 immolans
271 3371 382 3438 hostias,
397 3374 473 3443 quasi
487 3382 668 3443 occupaturus
689 3390 770 3430 aures
784 3378 910 3447 martyris
961 3371 1065 3439 pondus
1078 3373 1212 3441 θιιθιιῐῐι
1226 3380 1356 3445 duantum
1383 3374 1546 3446 longissimis
1570 3378 1755 3448 validissimis

108 3448 288 3532 properabat.
302 3459 358 3516 Nec
371 3461 532 3518 clericorum
548 3464 636 3518 alticio
661 3465 819 3521 solemniter
833 3467 909 3522 ordi·
960 3461 1111 3533 eodemque
1120 3463 1264 3520 contractis
1274 3466 1395 3533 pondera
1409 3466 1530 3522 trabibus
1541 3481 1694 3539 acceperat.

107 3563 184 3621 nata,
200 3566 252 3607 nec
266 3553 354 3622 ipsum
365 3552 482 3623 deniqne
507 3553 575 3608 lacis
595 3562 701 3622 tempus
725 3555 907 3625 exspectabat.
996 3553 1124 3609 Occurrat
1139 3568 1211 3628 nunc
1222 3555 1321 3610 animis
1342 3564 1422 3626 atque
1440 3556 1525 3612 oeulis
1541 3557 1592 3612 ista
1619 3560 1754 3630 replican-

107 3643 247 3716 bplendor
260 3643 394 3716 siquidem
410 3644 574 3711 festivitatis,
596 3644 746 3700 collucente
759 3645 826 3701 urbe
841 3654 908 3714 tota,
961 3645 1039 3711 tium,
1054 3646 1136 3701 simui
1163 3653 1248 3702 totum
1271 3645 1428 3712 Rhodanus,
1456 3646 1546 3714 ruina,
1570 3648 1752 3721 naulragium,

109 3750 221 3792 ornnem
237 3735 400 3792 omnimodis
416 3736 558 3807 pepulerat
575 3737 665 3792 noctis
689 3735 840 3791 borroretn.
867 3738 909 3793 ln·
960 3734 1122 3807 implicanda
1136 3737 1215 3792 turba
1229 3734 1518 3805 miserorumditersa,
1547 3737 1575 3791 in
1601 3754 1682 3794 unum
1696 3739 1754 3796 clia·

109 3828 190 3884 terim
206 3828 306 3884 riallla
321 3828 436 3896 natalis,
460 3842 512 3898 qua
539 3828 611 3884 inter
634 3827 832 3884 couloederatas
855 3830 908 3884 sibi
958 3826 1014 3881 boli
1033 3826 1137 3883 insidiis
1149 3826 1349 3898 conglomerata
1362 3825 1507 3896 pernicies.
1532 3823 1604 3882 Nihil
1632 3829 1754 3901 periculo

109 3920 204 3985 urbes,
216 3907 295 3976 *illius
311 3919 441 3976 terribilis
461 3917 585 3975 Rhodani
602 3929 675 3990 terga
696 3921 845 3991 calcantur,
859 3935 907 3976 su·
958 3916 1046 3973 deluit
1060 3928 1089 3973 ut
1103 3916 1137 3972 ad
1150 3917 1264 3990 gloriam
1286 3916 1414 3989 martyris
1439 3916 1477 3971 nil
1497 3916 1614 3976 deesset.
1640 3918 1754 3988 Quando

109 4008 177 4074 bito,
193 4018 240 4066 aut
255 4011 307 4067 sub
319 4010 419 4081 injusta
445 4009 528 4078 lasse,
551 4017 598 4065 aut
624 4011 707 4066 triario
731 4013 905 4068 materiarum
959 4010 1032 4066 enim
1049 4010 1177 4066 alumnos
1188 4008 1274 4081 ipsius
1287 4019 1421 4081 mergeret
1435 4008 1545 4076 ilarius,
1565 4024 1644 4082 quem
1655 4009 1752 4070 eotlem

109 4101 243 4171 pondere,
263 4114 310 4158 aut
333 4118 382 4173 per
404 4103 542 4172 obliquum
563 4104 651 4159 amuis
670 4104 795 4174 illapsum
821 4118 906 4174 prona
958 4103 1003 4160 die
1019 4105 1069 4174 piis
1083 4103 1217 4161 natalibus
1226 4101 1467 4160 consecrasseth
1480 4117 1575 4175 magna
1589 4103 1636 4160 liei
1651 4103 1750 4174 gloria!

109 4194 475 4254 »lllttsaesclucertumest
493 4212 547 4266 quo
570 4212 655 4252 casu:
684 4207 788 4253 certum
817 4207 905 4253 lamen
958 4193 1751 4267 Erupiterastogurgiteglorinsusexercitus.Jnrdanem

109 4289 186 4354 ertias
199 4288 305 4344 insidiis
316 4288 463 4357 pretiosum
485 4302 566 4355 anus,
582 4288 635 4344 lroc
659 4299 701 4345 esc
716 4289 832 4345 lidelium
847 4299 906 4345 tur·
958 4288 1055 4342 iterum
1069 4286 1204 4354 crederes,
1218 4296 1298 4357 rupto
1308 4285 1434 4342 diuinitus
1447 4299 1538 4354 amne,
1550 4287 1688 4355 patuisse;
1704 4295 1752 4344 atat

111 4393 181 4436 mam
198 4381 224 4436 in
237 4381 333 4436 mediis
344 4380 470 4436 fluctibus
486 4381 556 4437 male
572 4383 687 4451 pendula
714 4393 797 4437 strata
820 4381 906 4452 depo·
959 4380 1058 4437 iterum
1075 4381 1159 4437 maria
1174 4380 1275 4451 populo
1287 4380 1345 4448 bei,
1360 4380 1431 4435 sicut
1445 4379 1496 4435 sub
1511 4380 1604 4452 lloyse
1618 4381 1752 4452 qnondam

111 4471 173 4535 snit,
188 4483 295 4528 astante
310 4488 363 4540 nte,
377 4472 449 4541 quod
464 4474 598 4529 veraciter
622 4474 728 4544 loquor,
755 4483 783 4528 et
807 4476 905 4544 pedem
920 4468 944 4531 C
959 4470 1038 4532 duce,
1052 4473 1078 4526 iu
1092 4473 1175 4541 uirgae
1193 4471 1307 4539 imperio
1332 4472 1385 4526 iter
1409 4470 1480 4526 inter
1508 4469 1609 4526 fluenta
1634 4471 1752 4527 solidum

113 4564 145 4618 ab
159 4564 228 4635 ipso,
241 4573 271 4621 ιι
283 4567 317 4620 ιιι
334 4565 459 4633 dixerim,
483 4575 565 4635 ponte
578 4567 722 4622 referente.
747 4566 858 4636 blagnus
873 4568 905 4622 il·
956 4563 1114 4633 prebuisse.
1127 4563 1267 4618 Neminem
1281 4561 1357 4616 ιιιιιι
1371 4561 1519 4631 quassavit,
1534 4562 1668 4617 neminem
1687 4575 1751 4635 grs-

112 4652 162 4709 lico
175 4655 266 4728 iragor
284 4657 376 4727 populi
396 4665 450 4711 tam
474 4658 578 4713 ruentis
595 4673 675 4727 quam
703 4659 905 4715 circumstantis
957 4654 1415 4720 saturaruestibuslluriusinroluit,
1428 4654 1750 4731 neminilrauslumsuum

114 4748 249 4816 ιιιιιιιις
265 4764 349 4820 paror
363 4757 420 4804 bota
444 4747 513 4804 urbe
537 4752 694 4819 percurrit:
720 4751 763 4806 bic
785 4750 906 4822 conjugi,
956 4748 1054 4805 navins
1069 4749 1189 4805 incessit.
1204 4749 1305 4804 llleaos
1316 4763 1412 4804 omnes
1425 4757 1507 4819 atque
1521 4747 1670 4804 incolumes
1690 4763 1749 4804 rer·

113 4835 157 4893 ille
171 4839 244 4905 liliis,
259 4841 304 4895 alii
316 4838 484 4911 propinquis,
497 4841 543 4896 alii
560 4842 672 4909 amieis;
703 4857 799 4899 omnes
823 4845 905 4901 simul
956 4844 1093 4898 naculaac
1108 4840 1248 4896 familiaris
1260 4839 1318 4913 ripa
1332 4841 1461 4911 suscepit.
1476 4840 1578 4911 Pompa
1589 4839 1688 4907 omnis,
1710 4842 1750 4896 sl·
1792 4838 1794 4842 ’

114 4927 225 4990 dirersis
240 4930 381 4990 affectibus
394 4943 533 5001 metuunt;
544 4934 592 5006 qui
605 4948 711 5004 parum,
722 4935 837 4992 civibus.
956 4943 1003 4990 cut
1026 4934 1146 5005 ingressa
1163 4932 1265 4999 luerat,
1295 4947 1404 5004 egressa
1427 4941 1479 4989 est.
1500 4932 1700 4990 blaterlamilias
1716 4948 1751 4991 ex

148 5021 218 5082 inter
234 5024 402 5082 baesancta
417 5026 612 5084 reeordationis
625 5019 739 5084 antistiti
755 5028 903 5097 ιιιιιιιιιι,
957 5025 1090 5098 profundo
1114 5026 1278 5081 lantulorum
1299 5037 1410 5081 suorum
1435 5022 1586 5080 ceruicibus
1609 5024 1750 5081 mobilium

116 5123 168 5178 quo
181 5114 301 5171 tuncille
314 5115 430 5185 populus
442 5125 550 5186 pastore
562 5119 706 5190 gaudebat,
727 5119 773 5175 uni
795 5120 904 5190 quidem
956 5118 1143 5175 cubiculorum
1159 5124 1262 5173 secreta
1278 5116 1413 5172 viderunt.
1437 5115 1558 5188 Comptae
1582 5117 1750 5173 inhonorem

117 5211 163 5264 pro
175 5204 300 5260 omnibus
315 5205 455 5271 metuenti,
471 5220 552 5263 omne
565 5208 651 5265 cladis
670 5209 777 5280 pondus
799 5211 905 5266 iocum·
957 5209 1003 5264 bei
1015 5210 1141 5280 uirgines,
1153 5208 1225 5263 nulla
1245 5206 1407 5264 lluitantiunr
1429 5206 1568 5263 monilium
1589 5205 1750 5265 detrimenta

118 5288 154 5346 bit
169 5310 175 5346 :
188 5311 255 5367 quos
270 5305 333 5352 tunc
346 5297 389 5353 illa
402 5297 486 5366 pietas
500 5300 621 5356 stimulas
632 5301 842 5372 accepithuam
856 5315 903 5356 stt·
955 5311 1118 5368 senserunt;
1134 5316 1198 5357 acus
1209 5301 1285 5370 ipsae.
1307 5308 1337 5355 ut
1362 5300 1399 5354 ita
1417 5298 1543 5366 dixerim,
1569 5299 1639 5355 sicut
1662 5299 1751 5357 allisas

116 5377 168 5437 bite
178 5388 259 5443 animi
273 5389 431 5459 egritudine
441 5392 520 5461 egris
531 5400 630 5461 praesto
640 5392 702 5448 luitl
717 5392 820 5449 Erectis
834 5407 902 5448 con·
955 5390 1199 5448 itterantmat'ernis
1211 5389 1345 5457 nranibus,
1361 5388 1509 5445 haeserunt.
1522 5388 1608 5445 Nemo
1621 5387 1751 5447 damnum

118 5469 201 5531 iestim
215 5480 359 5536 adctelum
372 5481 470 5548 oculis,
486 5482 635 5540 intentione
648 5483 740 5541 cordis
754 5484 903 5540 luniiuibus
954 5482 1061 5555 aliquod
1078 5484 1128 5550 rei,
1143 5497 1223 5538 nemo
1249 5479 1418 5552 dispendium
1443 5478 1538 5536 salutis
1558 5478 1673 5548 aceepit.
1698 5480 1751 5536 lle·

117 5574 260 5636 eraquata,
276 5569 341 5626 itan
361 5571 439 5627 nobis
465 5571 700 5629 circumstantibus
727 5575 825 5630 utentis
852 5589 900 5629 et·
953 5585 1067 5631 cuttuut
1094 5589 1205 5646 pignora
1238 5575 1320 5629 citare
1354 5570 1539 5643 pignoribus:
1567 5570 1751 5645 uuusquisque

118 5666 190 5714 cassu
200 5667 273 5719 totus
287 5662 431 5730 abscessit,
447 5671 475 5720 ιι
490 5680 569 5722 ιιιιιι
582 5664 718 5723 dubitaret
736 5666 799 5735 quin
816 5668 901 5723 tribu·
954 5666 1107 5738 proximum
1122 5680 1214 5733 suum,
1228 5666 1270 5722 cui
1285 5664 1430 5737 plurimum
1452 5664 1587 5733 tirmrerat,
1599 5664 1676 5723 lalus
1691 5679 1751 5721 atu·
