4009 6184
260 318 311 376 dbd
749 303 777 361 S.
798 300 958 361 bbcnutttl
980 294 1220 360 ubsuusnaets
1239 293 1402 352 setstuet.
1847 295 1899 353 aaa

260 402 382 483 uetitum
398 433 426 480 et
439 423 539 479 nomen
552 419 682 478 secuturo
696 415 831 474 eruerast
846 414 917 471 tres
931 414 996 484 ipra
1014 411 1053 467 di·
1066 412 1090 471 tl
1105 409 1225 463 iterum:
1247 408 1309 464 Nou
1332 407 1443 463 rernm
1466 423 1545 478 neque
1567 408 1602 461 aa
1628 415 1736 463 noran
1756 407 1902 483 p'rrtiticcri

259 518 343 589 figunt
354 515 434 572 nidos
448 528 525 581 suos,
537 521 629 567 amarit
640 509 704 566 ferre
715 507 774 563 ioca
789 506 816 562 in
827 505 925 577 quibus
942 502 1052 558 murita
1105 498 1193 574 (dccl.
1206 514 1283 566 arra,
1297 500 1357 570 22).
1373 499 1405 555 Et
1427 498 1525 555 itemm
1539 518 1545 553 :
1561 498 1696 571 Sapientia
1717 501 1744 555 in
1767 502 1839 558 eeitrt
1858 514 1900 553 es·

258 617 333 677 sunt,
344 603 547 663 amenteubilia
560 611 588 658 et
601 615 718 673 pascua;
734 609 761 656 et
774 596 922 668 quamlibet
936 591 1053 650 naturali
1104 591 1282 666 nctarqProa.
1299 607 1320 657 t,
1336 590 1395 663 ab).
1418 589 1525 659 Quianto
1549 605 1615 662 ergo
1639 592 1700 662 plus
1731 591 1898 662 proicimus,

258 700 385 756 libertato
408 696 524 768 passivis
555 708 684 766 perversa
710 688 853 761 rapiantur
886 684 1051 749 incursibus,
1104 697 1181 745 tanto
1197 687 1256 759 plus
1280 686 1464 751 humiliemur,
1483 686 1546 755 quia
1566 696 1668 758 quanto
1688 687 1749 755 plus
1765 687 1898 745 humiliati

256 790 356 861 saepius
369 799 458 845 nmen
472 786 505 843 ad
516 788 598 842 cbata
608 783 660 839 sibi
676 783 735 837 loca
746 782 861 851 quodam
877 775 931 832 eibi
945 773 1053 831 deside·
1104 777 1248 842 fuerimus,
1263 785 1339 831 tanto
1358 776 1416 845 plus
1430 775 1614 847 proticiemus.
1628 775 1725 831 Nullus
1737 777 1794 832 illic
1807 777 1899 833 senior

256 882 297 939 rio
311 890 502 947 reuertentem
527 887 556 933 et
575 886 602 932 ιιι
626 876 765 931 intellectu
789 871 929 943 preditus,
946 867 1053 925 rationo
1104 881 1158 924 tarn
1175 870 1271 924 duetus
1285 878 1428 940 appareat,
1439 879 1468 924 ut
1483 876 1559 940 putet
1573 870 1644 939 qnod
1659 885 1721 925 eum
1732 887 1787 927 narr
1803 871 1897 927 deccat

257 975 387 1041 munitus,
402 974 438 1030 ita
450 972 586 1029 interdum
598 984 679 1025 sensu
693 967 797 1023 alienus
808 965 934 1030 efficeris,
943 971 972 1017 ιιι
984 976 1053 1030 prta·
1104 959 1270 1028 obedientia,
1285 977 1345 1031 quse
1357 961 1442 1017 Deum
1458 961 1559 1018 decuit.
1575 961 1720 1019 llumiiitas
1730 964 1801 1018 enim
1816 975 1895 1036 atque

257 1066 328 1122 feras
344 1067 393 1122 Dei
408 1063 548 1121 beneflciis
564 1061 720 1117 uoluntates
741 1058 783 1115 rei
798 1056 965 1113 intentiones
979 1064 1050 1118 tuas,
1103 1053 1259 1109 obedientia
1289 1054 1316 1110 in
1335 1054 1489 1125 junioribus
1511 1056 1600 1112 adbuc
1620 1057 1783 1122 necessitas,
1811 1057 1839 1112 io
1854 1074 1894 1113 se·

257 1165 286 1212 et
298 1156 423 1227 sequaris
435 1154 560 1226 proprias
573 1153 767 1224 cogitationes,
783 1163 844 1220 quta
855 1146 1006 1218 quamlibet
1017 1144 1050 1198 ad
1104 1145 1225 1201 nioribus
1240 1160 1307 1200 nero
1321 1145 1457 1217 dignitas;
1473 1147 1519 1204 ille
1537 1149 1609 1203 anim
1624 1150 1695 1204 bene
1714 1148 1835 1219 proficit.
1851 1149 1894 1206 ille

257 1247 340 1303 duros
354 1248 472 1311 labores,
485 1244 633 1316 quamlibet
646 1241 679 1297 ad
695 1241 793 1298 salutis
808 1238 949 1308 naufragia
969 1244 1052 1304 atque
1104 1238 1172 1292 bene
1186 1244 1344 1299 consumat,
1355 1238 1400 1307 qni
1416 1237 1537 1308 qnotidie
1551 1237 1591 1292 tic
1612 1239 1667 1309 agit
1686 1237 1767 1310 quasi
1787 1254 1894 1310 sempor

257 1340 354 1397 animae
368 1339 533 1395 detrimenta
548 1347 573 1393 te
592 1337 708 1406 rapiant,
722 1343 807 1389 toturn
824 1340 915 1388 tauron
931 1329 982 1385 boc
996 1342 1052 1398 pre
1103 1327 1222 1397 incipiat.
1238 1326 1419 1396 eramobrcm
1439 1339 1583 1399 augmenta
1611 1330 1772 1386 meritorum
1794 1332 1889 1387 incia·

257 1430 339 1485 nimia
351 1429 446 1486 cordis
460 1429 618 1499 indignitate
633 1442 686 1482 non
710 1426 809 1481 sentis.
824 1423 880 1478 liae
900 1423 938 1476 ait
959 1435 1051 1476 sermo
1103 1428 1193 1473 menta
1210 1416 1310 1472 delent
1323 1431 1385 1473 esse
1401 1418 1580 1488 profectuum.
1595 1419 1737 1490 Scriptura
1752 1437 1819 1478 reru
1832 1438 1890 1494 pro-

255 1519 380 1576 otuinus:
395 1518 530 1589 Tempore
542 1518 614 1573 enirn
626 1515 804 1572 discessionis
819 1514 902 1570 mttita
917 1511 1051 1582 promittit
1103 1509 1232 1565 nuntians
1246 1508 1281 1565 de
1295 1508 1338 1564 bis
1359 1509 1408 1578 qui
1431 1509 1495 1565 dum
1511 1512 1612 1582 primas
1632 1513 1813 1585 negligentias
1824 1529 1889 1583 pre-

255 1614 400 1679 inimicus;
417 1612 563 1683 persuadet
586 1610 638 1665 sibi
656 1624 687 1665 se
714 1608 770 1663 illic
789 1622 843 1679 quo
864 1606 951 1662 tendit
965 1604 1050 1676 majo·
1103 1601 1265 1666 lerrnittnnt,
1282 1601 1309 1655 in
1324 1600 1390 1656 alias
1413 1613 1495 1673 atquc
1514 1603 1583 1660 alias
1608 1619 1719 1675 semper
1741 1607 1888 1669 incurrunt.

254 1719 312 1761 retu
332 1702 499 1774 profectum,
517 1702 628 1757 multam
652 1700 764 1772 gratiam
784 1709 866 1770 atque
880 1713 971 1754 rerum
988 1711 1049 1750 om·
1102 1693 1138 1747 ita
1151 1692 1201 1746 ait:
1218 1690 1344 1748 Peccator
1357 1694 1461 1766 adjiciet
1472 1695 1506 1748 od
1516 1699 1674 1765 peccandum
1686 1696 1823 1768 (derint,
1834 1699 1878 1770 ts>

255 1795 331 1850 nium
347 1794 540 1849 abundantiam
552 1802 736 1863 reperturum,
751 1806 783 1846 ac
796 1805 826 1846 se
842 1798 979 1860 tamquam
997 1805 1048 1844 nn·
1063 1781 1087 1841 lt
1102 1784 1139 1839 be
1153 1783 1274 1853 proiectu
1288 1800 1353 1841 raro
1368 1787 1467 1842 dicitur
1484 1806 1490 1840 :
1506 1786 1540 1841 Et
1553 1800 1657 1843 sanetur
1670 1790 1758 1844 aditae
1771 1792 1884 1861 sanctip-

252 1887 345 1956 gelum
365 1884 580 1954 suscipiendum.
602 1884 635 1939 Et
655 1892 717 1954 post
736 1881 795 1938 baec
820 1880 927 1953 quando
955 1882 1050 1937 anxie·
1100 1876 1276 1951 ceturldpoc.
1291 1892 1358 1944 rrrt,
1372 1878 1427 1949 fl).
1443 1878 1588 1935 Videamus
1609 1880 1725 1949 primunr
1751 1882 1815 1952 quid
1839 1894 1885 1949 est,

254 1964 312 2034 utri
331 1979 463 2049 repletus,
480 1988 508 2032 et
532 1979 599 2046 pace
624 1975 752 2044 nudatus,
779 1990 885 2030 memor
911 1974 1048 2045 quomodo
1099 1969 1567 2042 peccotormtjirietadnectendum?
1580 1987 1654 2043 r.g.,
1669 1972 1734 2028 mali
1747 1974 1888 2045 cujuslibet

254 2067 394 2139 profectus
414 2069 455 2123 sui
475 2069 604 2135 studium,
618 2079 645 2124 et
668 2082 776 2124 sacrum
795 2065 867 2122 ovile
894 2065 1047 2135 reliquerit,
1099 2069 1146 2115 aut
1160 2059 1366 2117 obtrectationis
1391 2062 1480 2131 passio
1506 2063 1665 2135 impugnare
1688 2080 1732 2120 me
1755 2066 1886 2136 coepit;si

253 2168 318 2216 tune
329 2160 531 2225 anirnadtertit,
546 2169 574 2216 et
587 2160 664 2230 quasi
674 2157 767 2215 sedata
780 2159 912 2228 temporis
926 2158 967 2212 sui
981 2168 1047 2213 tem·
1100 2167 1152 2207 non
1166 2151 1257 2208 statim
1274 2167 1317 2209 nte
1331 2151 1469 2221 plenitudo
1482 2153 1544 2209 titre
1559 2155 1638 2225 liujus
1654 2156 1813 2224 momordit,
1830 2169 1887 2213 eras

252 2261 370 2324 pestate,
387 2261 451 2308 tnnc
466 2251 617 2323 videtequid
637 2251 699 2306 mall
723 2250 757 2307 aa
781 2265 812 2308 qa
836 2251 963 2321 gesserit,
984 2257 1049 2306 turre
1099 2252 1173 2302 ιιιιιιι
1189 2243 1255 2298 ιιιίιιί
1269 2243 1350 2314 hujus
1361 2243 1420 2299 titii
1435 2237 1658 2315 facilitasreniet,
1671 2258 1698 2304 et
1713 2247 1839 2318 quadam
1851 2249 1887 2321 (at

252 2344 422 2415 recognoscit
436 2344 502 2417 quid
528 2343 640 2413 periculi
663 2342 789 2412 incurrit,
805 2356 866 2398 cum
887 2342 922 2398 de
937 2341 998 2397 loeo
1013 2340 1047 2397 ad
1099 2335 1139 2390 sic
1152 2334 1281 2409 dixerim)
1294 2336 1425 2404 suavitas,
1438 2344 1468 2391 ιιι
1480 2351 1610 2392 revocare
1621 2352 1664 2394 rue
1676 2339 1710 2392 ab
1724 2339 1775 2394 illo
1788 2350 1816 2395 et
1827 2353 1888 2395 eoa·

252 2451 334 2507 quem
353 2451 416 2492 eum
432 2435 532 2506 gaudio
549 2443 673 2502 uenerat,
687 2438 746 2492 sine
766 2449 832 2506 pace
848 2442 876 2490 et
889 2449 951 2490 eum
965 2448 1048 2490 scan·
1099 2429 1189 2485 tinere
1209 2444 1263 2485 non
1290 2431 1402 2499 possita.
1418 2428 1457 2485 lta
1480 2430 1555 2486 enim
1570 2431 1670 2497 erenit,
1686 2445 1716 2486 ut
1736 2432 1783 2501 iqui
1804 2433 1887 2502 primo

252 2525 317 2581 dala
331 2524 470 2582 discessit.
484 2525 602 2582 Tonosa
616 2539 675 2580 sera
687 2525 846 2596 penitentia
858 2539 942 2596 snper
956 2523 1048 2581 ruinas
1099 2527 1222 2591 tempore
1234 2520 1379 2576 emendare
1393 2520 1520 2585 noluerit,
1535 2521 1647 2594 incipiat
1662 2522 1690 2578 in
1702 2525 1828 2595 sequenti
1840 2538 1887 2580 aec

252 2630 317 2672 suas
332 2614 445 2687 poenitet
456 2629 488 2671 ae
507 2614 600 2670 defiet.
612 2614 689 2670 Sicut
705 2614 827 2685 quaedam
839 2629 977 2685 arasque
992 2628 1049 2685 prta
1100 2613 1171 2668 veile
1189 2627 1239 2668 nee
1250 2626 1342 2683 posse.
1354 2611 1437 2668 Verbi
1451 2613 1550 2682 gratia,
1565 2614 1701 2683 snperbia
1717 2616 1885 2687 aeqirieseers

255 2704 352 2762 dolore
366 2720 447 2774 snper
462 2718 592 2777 eosquos
606 2705 755 2761 occiderint
779 2705 845 2761 fiere
862 2705 990 2761 dicuntur
1001 2721 1010 2772 ;
1021 2713 1049 2762 el
1098 2705 1182 2774 coepi,
1195 2704 1315 2775 regulam
1330 2703 1441 2771 vitriani,
1458 2706 1596 2760 seniorem
1612 2704 1680 2771 lani,
1695 2704 1833 2776 juniorem
1844 2705 1885 2762 de·

252 2795 414 2854 Ιιιιιοοιιιιιίι
429 2795 528 2852 atrimae
543 2796 704 2852 detrimenta
720 2812 752 2852 er
770 2796 963 2853 inobedientiae
977 2799 1048 2855 malo
1099 2797 1194 2854 struxi.
1211 2798 1239 2854 Si
1253 2812 1307 2853 noo
1322 2795 1414 2852 statim
1430 2811 1474 2852 me
1485 2797 1611 2867 poenituit
1625 2805 1679 2851 tam
1691 2798 1813 2868 graviter
1824 2795 1885 2852 fuis·

252 2889 381 2946 eueniunt
397 2905 405 2942 z
419 2887 579 2944 obedientes
589 2898 680 2945 autem
695 2899 723 2944 et
736 2888 853 2945 irumiles
866 2889 963 2945 animae
979 2889 1050 2945 mul·
1098 2904 1129 2945 se
1143 2899 1323 2958 protentum,
1337 2891 1372 2943 ita
1389 2889 1422 2944 de
1443 2888 1487 2945 die
1501 2889 1528 2943 in
1547 2888 1619 2945 diem
1643 2889 1822 2946 libentissime
1847 2904 1885 2945 trte

253 2989 294 3037 tas
311 2978 511 3048 tribulationes,
525 2988 608 3052 atque
627 2994 723 3036 omnes
737 2980 844 3037 labores
859 2989 1047 3051 prosternunt,
1098 2980 1185 3049 rapiet
1199 2979 1256 3050 ipsa
1272 2978 1401 3034 ridentia
1422 2979 1636 3047 consuetudinis,
1649 2990 1679 3035 et
1694 2980 1814 3052 impetus
1830 2997 1885 3052 pas·

251 3080 333 3142 atque
351 3071 379 3126 in
396 3071 585 3142 compendium
608 3072 729 3127 mittunt.
748 3072 895 3129 Sciendum
911 3084 953 3131 est
974 3075 1046 3130 cuim
1098 3070 1194 3139 sionis,
1211 3081 1240 3125 ut
1261 3070 1318 3140 jam
1340 3085 1390 3126 occ
1412 3071 1571 3143 delinquere
1596 3086 1640 3127 me
1657 3069 1817 3142 intelligam,
1840 3086 1885 3128 nec

252 3163 326 3233 quod
339 3170 442 3233 quanto
455 3162 617 3219 humiliores
640 3173 668 3218 ct
689 3163 891 3221 obedientiores
904 3165 1045 3235 fuerimus,
1060 3139 1083 3204 c
1099 3178 1212 3234 peccare
1228 3177 1272 3218 me
1282 3164 1406 3217 sentiam.
1418 3160 1552 3218 obseurat
1566 3161 1639 3218 eninr
1655 3172 1736 3232 atque
1747 3164 1835 3219 obruit
1848 3165 1884 3218 ia

255 3260 331 3308 tarilo
342 3267 423 3324 super
437 3266 487 3307 nos
500 3252 588 3309 lerius
603 3268 634 3309 ac
648 3253 752 3311 dulcius
759 3257 854 3326 jugum
867 3257 973 3313 Domini
985 3274 1049 3315 sen·
1098 3254 1238 3312 tellectum
1267 3270 1336 3312 onus
1360 3255 1630 3320 delicti,ass'duitas
1653 3256 1885 3328 delinquendi,et·

253 3341 366 3408 tietnus;
380 3350 481 3412 quanto
495 3342 697 3399 obedientiores
711 3345 843 3402 fuerimus
857 3350 1010 3418 praepositis
1020 3358 1049 3406 et
1098 3350 1169 3405 enim
1185 3348 1221 3404 ita
1235 3364 1283 3405 cor
1293 3348 1464 3420 negligentiis
1478 3347 1640 3418 obduratur,
1656 3357 1685 3403 nt
1698 3350 1751 3405 lroc
1766 3350 1883 3419 ipsumsi

253 3433 376 3503 patribus
388 3432 500 3499 nostris,
515 3432 542 3490 in
556 3441 661 3489 tanturn
671 3434 779 3492 obediet
795 3437 865 3494 fleus
879 3440 1048 3497 orationibus
1098 3454 1128 3494 se
1143 3456 1196 3493 nou
1213 3439 1345 3506 lrumiliet,
1362 3439 1384 3494 si
1400 3455 1453 3494 non
1464 3439 1612 3494 satisfaciat
1628 3444 1770 3511 proposito
1784 3439 1883 3515 [forte.

253 3524 366 3580 nostris.
383 3522 529 3580 Videamus
548 3540 629 3596 quam
650 3528 828 3597 acceptabilia
846 3539 910 3588 surrt
932 3532 1047 3590 Domino
1099 3529 1326 3603 propositolsuo,
1343 3545 1441 3586 nocere
1455 3546 1485 3586 se
1500 3531 1603 3596 eredat,
1616 3532 1727 3602 iri-super
1740 3532 1849 3588 insultet
1860 3540 1885 3588 et

252 3629 334 3685 opera
347 3624 375 3670 et
388 3611 456 3688 [rai]
469 3612 571 3685 iejutria
592 3630 686 3672 eornm
709 3620 755 3689 qui
777 3621 833 3676 suis
855 3624 943 3690 potius
965 3639 1045 3693 quam
1097 3623 1189 3677 dicat:
1209 3622 1294 3690 Quam
1307 3631 1465 3677 constanter
1479 3622 1518 3676 illi
1539 3624 1640 3690 restiti,
1652 3641 1687 3694 qu
1697 3640 1733 3678 im
1751 3624 1820 3679 bene
1834 3640 1884 3680 ona

251 3705 390 3761 seniorum
415 3706 599 3763 uoluntatibus
621 3708 819 3779 obsequuntur.
841 3711 963 3771 Clamant
983 3717 1044 3772 iili:
1096 3713 1231 3783 acquievi,
1248 3724 1350 3785 quanta
1364 3713 1523 3769 auctoritate
1537 3715 1681 3785 respondit
1695 3715 1807 3770 tutabat
1818 3716 1885 3781 qaod

255 3797 342 3865 Quare
351 3799 542 3870 jejunavimus,
556 3807 581 3855 el
594 3801 715 3857 nescisti?
728 3800 923 3860 botniliaainrtrr
944 3808 1046 3864 attimar
1098 3820 1142 3860 mc
1156 3819 1264 3873 semper
1279 3805 1317 3860 iili
1339 3804 1483 3860 humiliare
1496 3805 1638 3862 deberem.
1654 3807 1731 3876 erod
1749 3809 1794 3878 qui
1812 3808 1882 3874 facil,

252 3899 366 3953 nostras,
378 3900 402 3944 et
429 3906 481 3946 tran
505 3892 648 3962 reperisti?
668 3893 702 3948 Ει
724 3893 770 3950 ἰΙΙιι
792 3897 939 3966 respondet
957 3917 964 3953 ι
979 3898 1046 3956 ideo
1097 3896 1204 3952 diabolo
1217 3913 1247 3953 se
1262 3897 1405 3953 tradidisse
1418 3899 1554 3968 caprinum
1569 3909 1687 3967 constat,
1700 3901 1790 3971 quide
1802 3903 1886 3957 bomi-

251 3980 314 4052 qttio
332 3981 360 4034 in
381 3979 471 4035 dieitur
486 3981 649 4052 jejunierum
665 3996 808 4040 oestrorttnr
827 3988 1047 4045 inuenirratnrao·
1098 4004 1162 4044 uum
1175 3988 1248 4043 titiis
1261 3997 1288 4043 el
1303 3989 1477 4059 passionibus
1501 4004 1533 4044 ac
1555 3990 1708 4060 perditione
1732 3992 1886 4058 intotonat

252 4072 364 4127 laniatos
379 4070 646 4142 murmurabatur,
660 4074 700 4145 5).
724 4074 854 4134 Videmus
878 4094 927 4148 per
951 4082 1047 4139 inobe·
1096 4078 1232 4151 ejusmodi
1244 4079 1341 4134 animae
1354 4080 1461 4136 eueniet
1475 4080 1519 4134 iila
1534 4080 1689 4137 sententia:
1706 4082 1834 4138 Peccator
1842 4085 1888 4138 ad·

253 4161 382 4218 dientiam
403 4161 555 4218 animarum
570 4178 652 4232 opera
674 4179 729 4219 non
743 4169 856 4238 respici,
870 4170 973 4241 jejunia
987 4186 1045 4230 noa
1091 4176 1208 4248 jicietnd
1219 4175 1468 4247 pereundomlficci.
1481 4192 1521 4241 tn,
1534 4175 1590 4250 ab).
1605 4179 1691 4249 Quam
1708 4195 1770 4248 nus,
1786 4182 1887 4237 cbaris-

253 4251 352 4320 audiri,
364 4263 429 4309 rota
444 4267 499 4307 non
522 4253 635 4323 suscipi.
659 4255 737 4312 Unde
759 4272 811 4314 nos
834 4262 951 4329 amplius
971 4264 1046 4322 illius
1096 4265 1170 4333 simi,
1184 4266 1361 4337 refugientes,
1375 4266 1449 4322 illam
1466 4268 1555 4338 potius
1569 4278 1711 4324 teneamus
1726 4286 1787 4343 quse
1798 4272 1885 4328 dicit:

149 4383 153 4396 .
253 4342 379 4399 mandata
403 4353 549 4411 sectemur,
565 4345 611 4415 qui
626 4346 659 4402 ad
685 4346 737 4403 boc
751 4347 784 4403 ad
799 4364 849 4405 nos
874 4364 890 4406 e
908 4352 978 4408 arelo
994 4355 1044 4413 de·
1096 4356 1132 4412 Et
1145 4369 1249 4413 tanetus
1263 4357 1349 4413 adlnc
1362 4359 1538 4430 sartctipicetnr
1549 4359 1642 4430 (Aper.
1657 4376 1725 4425 ιιιι,
1745 4362 1808 4430 ιι);
1823 4378 1887 4434 qao·

251 4432 367 4503 scandit,
381 4443 410 4489 ut
425 4448 479 4489 non
494 4436 582 4491 solnm
600 4450 651 4492 nos
670 4437 817 4522 redimeret
832 4443 928 4498 mortis
943 4446 1043 4515 pretio,
1097 4448 1163 4506 tidie
1177 4448 1308 4505 addamus
1327 4450 1361 4505 ad
1377 4451 1484 4519 merita,
1499 4467 1549 4507 nec
1563 4453 1598 4507 dc
1617 4453 1695 4510 nobis
1707 4455 1810 4527 aliquid
1823 4473 1887 4528 pra·

252 4524 300 4581 sed
322 4526 405 4581 etlam
426 4534 455 4581 nt
468 4525 530 4581 rita
548 4526 699 4585 aedificaret
714 4531 853 4601 ersmplo;
869 4543 897 4590 et
911 4549 973 4592 eum
996 4537 1045 4595 illo
1097 4555 1246 4604 sumamus,
1258 4541 1322 4612 quia
1335 4541 1382 4597 bei
1396 4551 1437 4597 est
1449 4556 1530 4598 otone
1542 4543 1616 4612 quod
1628 4559 1791 4613 possumus:
1805 4550 1887 4604 simas

252 4616 392 4675 dieamus:
408 4617 466 4688 Ego
479 4636 530 4675 narr
542 4621 599 4675 reni
613 4622 699 4691 [acm
715 4626 872 4681 uoluntatem
892 4644 983 4697 mecm,
997 4634 1044 4688 sed
1102 4636 1193 4708 itaque
1219 4634 1316 4691 iratres
1344 4634 1370 4690 in
1395 4650 1478 4707 opere
1505 4636 1552 4691 fici
1571 4636 1759 4702 ndebcientes,
1776 4653 1887 4712 propter

252 4708 410 4762 uoluntatem
422 4709 495 4764 illias
509 4710 554 4780 qtti
570 4711 701 4782 misitne,
718 4711 808 4770 Putris
821 4714 912 4788 (doctr.
928 4735 966 4786 rr,
983 4722 1041 4796 58).

1096 4737 1226 4782 aternam
1242 4727 1460 4795 retributionem,
1475 4735 1503 4782 et
1515 4728 1635 4799 qnotidie
1650 4729 1682 4784 ad
1699 4722 1813 4788 meliora
1827 4742 1885 4788 tea·

252 4794 295 4853 ite
308 4806 398 4853 aulem
413 4807 475 4869 post
486 4800 639 4856 voluntates
654 4805 777 4874 proprias
788 4813 842 4862 lam
858 4811 1040 4877 perniciosum

1095 4820 1202 4875 damus.
1232 4817 1291 4889 ipsa
1320 4820 1391 4873 enirn
1419 4818 1640 4890 apprehendendi
1667 4822 1806 4891 ariditas,
1831 4824 1885 4895 ipn

251 4896 306 4956 est,
327 4897 356 4944 ιιι
377 4888 429 4945 boc
453 4888 585 4947 Dominus
604 4892 662 4963 jam
690 4897 860 4963 postmodum
881 4901 967 4958 iratus
992 4918 1041 4972 pro

251 4977 428 5036 damnatione
451 4982 555 5050 peceati
570 4980 682 5053 irroget,
697 4983 793 5042 dicens
809 5003 816 5042 t
832 4986 866 5043 Et
881 4991 968 5048 dimisi
981 4993 1043 5051 illos

249 5071 392 5127 meandum
414 5071 542 5127 dedderio
567 5074 655 5130 cordis
677 5092 767 5132 eorum
787 5078 847 5153 (Pr.
873 5098 955 5151 unx,
983 5087 1040 5160 fd).

251 5158 432 5225 buarnobrem
448 5161 493 5232 qui
507 5163 562 5216 ruit
575 5170 633 5219 tuta
642 5178 703 5222 esso
715 5181 796 5237 opera
810 5185 859 5226 sua
872 5172 915 5228 rel
928 5186 1000 5230 reeta
1015 5180 1041 5234 in

250 5256 397 5319 conspeetu
410 5248 470 5320 bei,
485 5249 554 5306 niirii
576 5252 738 5313 obedientie
758 5260 895 5331 preferat,
910 5265 979 5321 nibil
994 5284 1042 5337 pe-

251 5338 323 5395 nitus
344 5349 500 5411 anteponat,
515 5344 573 5400 sits
592 5346 695 5416 senior,
709 5349 767 5407 sire
783 5352 876 5423 junior
896 5358 942 5413 sit.
958 5359 1041 5432 lfagis

250 5443 352 5500 quanto
363 5434 454 5491 senior
467 5444 520 5501 est,
536 5446 611 5493 tanto
629 5440 690 5509 plus
703 5442 784 5501 debet
796 5449 908 5506 studere
919 5451 1040 5510 aedifrea-

251 5518 317 5576 tiooi
335 5532 363 5578 et
382 5524 553 5593 perfectioni.
568 5528 676 5587 Nullum
697 5536 748 5591 sibi
764 5539 845 5595 llnem
860 5539 944 5598 faciat
958 5546 1042 5616 proli·

248 5606 350 5677 ciendi,
362 5613 519 5688 nullumque
538 5624 684 5679 terminum
704 5630 851 5688 constituat
871 5635 1038 5707 acquirendi,

249 5710 311 5756 sam
326 5698 379 5755 sibi
403 5702 457 5761 diei
479 5708 571 5768 audiat
586 5730 591 5768 :
609 5714 680 5771 Poro
699 5718 726 5772 in
744 5722 817 5776 eaitn
837 5741 916 5795 opera
929 5736 991 5797 teror
1013 5740 1041 5787 et

1095 4910 1262 4966 consuetudo
1278 4909 1434 4981 proliciendi
1448 4926 1557 4982 semper
1571 4927 1619 4968 nos
1632 4912 1666 4967 ad
1676 4913 1779 4986 majora
1790 4931 1886 4984 proro-

1095 5002 1167 5059 cabit
1177 5020 1183 5056 :
1192 5011 1220 5059 et
1229 5001 1274 5057 nbi
1287 5001 1382 5057 uiderit
1390 5002 1460 5058 fleus
1469 5002 1641 5060 devotionem
1653 5006 1738 5061 animi
1749 5006 1885 5065 ardentio·

1095 5108 1163 5160 rem,
1180 5091 1328 5147 insinuabit
1341 5088 1481 5160 affeetum;
1496 5102 1523 5149 et
1540 5101 1669 5164 quantum
1684 5112 1735 5152 nos
1749 5098 1884 5155 addideri-

1094 5183 1195 5240 musad
1208 5185 1338 5252 studium,
1348 5193 1449 5241 tautum
1462 5187 1508 5242 ille
1521 5197 1642 5258 apponet
1652 5188 1686 5244 ad
1701 5191 1879 5262 adjutoriam

1093 5286 1221 5349 quantum
1236 5293 1286 5333 nos
1305 5277 1512 5350 apposuerimus
1527 5283 1560 5335 al
1585 5280 1766 5353 diligentiam,
1780 5293 1880 5341 ιιιιιιιιιι

1093 5368 1142 5425 itte
1158 5368 1239 5425 addet
1259 5369 1293 5423 ad
1314 5370 1440 5439 gloriam.
1458 5371 1510 5439 Qui
1521 5371 1609 5440 ltobel,
1622 5374 1727 5429 daliter
1738 5374 1827 5442 illi,et
1839 5391 1880 5429 ss·

1094 5460 1279 5529 partiundebit
1294 5460 1401 5533 (llartlr.
1424 5475 1483 5530 rut,
1511 5466 1574 5537 fd).
1590 5473 1619 5519 et
1635 5466 1690 5520 alio
1713 5467 1773 5522 loco
1789 5466 1854 5525 dicit
1869 5478 1879 5522 t

1093 5549 1175 5605 Posui
1191 5553 1351 5625 adjutorium
1371 5571 1448 5625 super
1462 5567 1589 5627 petentem
1603 5557 1665 5632 (ce.
1679 5574 1811 5626 ιιιιιιιι,
1824 5555 1878 5627 iol.
1970 5601 1971 5614 .

1092 5641 1184 5698 Gratia
1198 5660 1264 5716 ergo
1279 5646 1313 5702 dc
1328 5647 1413 5716 gratis
1426 5649 1555 5718 nascitur,
1566 5660 1594 5707 et
1605 5651 1745 5720 profectos
1761 5649 1879 5722 profecti·

1092 5731 1143 5788 bus
1157 5733 1292 5802 serrirtnt;
1309 5736 1385 5791 lucra
1401 5737 1492 5807 turre,
1508 5751 1535 5797 et
1550 5742 1643 5797 merita
1658 5743 1763 5798 meritis
1777 5743 1878 5799 lucrum
