4009 6184
259 300 312 357 tals
396 318 405 329 ·
777 296 824 350 ub
838 293 951 352 orent
966 293 998 352 S.
1014 288 1177 349 adcubuit
1191 289 1372 350 trrtnbtx.
1804 302 1843 362 ιιι

262 418 344 475 Deum
356 412 412 470 r'oeli
424 425 447 468 et
463 423 556 476 tare,
570 420 598 466 at
612 427 663 466 nata
681 410 794 479 accipias
807 427 912 465 osorem
926 410 981 481 filio
994 424 1052 463 ster
1064 412 1089 470 Α
1103 406 1184 462 natta
1197 409 1321 476 reprobe
1333 406 1432 463 anna
1444 406 1651 479 coniungantur.
1671 408 1707 465 be
1722 416 1845 484 ιιιιιιίιιι

264 490 293 545 ιι
317 487 419 555 plinius
442 486 647 540 t'lnnasuaram
669 483 809 551 intorques
826 480 932 543 latito,
952 480 998 534 sed
1016 479 1052 533 ad
1102 487 1193 532 autern
1209 492 1322 533 uxorem
1336 477 1392 531 utin
1404 476 1539 533 deducere
1551 493 1644 534 senas
1655 484 1846 557 praecipiturque

264 571 359 615 unam
385 565 408 610 et
425 555 602 627 caqnotiancm
625 569 708 606 arram
722 552 907 621 ponebraria.
930 550 1053 605 Tradunt
1102 546 1160 602 sola
1171 557 1265 602 sancta
1281 549 1427 603 electarum
1443 548 1562 603 &cloria
1577 551 1708 619 unigenito
1719 552 1846 627 litiosam.

263 628 366 686 liebraei
387 628 459 696 quod
474 626 501 680 in
518 622 731 679 mortificatione
745 622 872 689 dbrabae,
887 621 936 676 litte
952 629 1009 686 est,
1024 621 1052 674 in
1103 617 1181 698 landa
1196 626 1264 683 erat,
1280 632 1360 687 quant
1373 619 1431 687 ipse
1442 619 1596 691 unigenitus
1608 635 1639 673 ει
1655 622 1847 688 praedestinationi

260 700 319 767 ejus
331 695 539 752 circumcisione
551 692 682 763 juraverit
696 707 790 747 serras
805 692 864 761 ejus
876 708 884 746 :
897 704 947 747 nos
960 700 1051 745 autem
1100 701 1156 757 Jam
1166 696 1194 742 et
1207 687 1375 756 prscsclentia
1386 700 1542 751 erraneam
1553 704 1607 742 non
1617 691 1847 761 habebatouirrera

260 771 375 825 dicimus
401 766 508 837 jurasse
531 779 593 820 enin
616 767 644 818 itt
667 764 772 818 semina
795 761 921 822 Abrabae.
944 760 995 815 boc
1010 768 1054 815 est
1102 768 1145 812 est
1161 771 1238 825 puer,
1252 758 1297 829 qni
1312 758 1541 821 addeducendam
1556 774 1665 815 osorem
1684 761 1798 829 mittitur,
1810 772 1847 823 nist

261 840 288 895 in
303 836 422 895 (bristo.
437 836 482 905 qui
498 851 532 890 ex
545 836 591 890 illn
613 835 766 889 nasciturus
780 841 841 888 erat
853 873 861 895 ,
874 832 950 902 juras
964 831 1054 885 Eran-
1103 828 1382 910 prophetarumordo
1402 837 1481 952 atque
1505 830 1695 898 apostolorum,
1709 835 1848 906 nauiumque

259 908 381 976 quirum
405 906 559 961 battbaum
586 905 756 970 loquentem.
785 901 861 957 Liber
881 900 1053 973 pennatianis
1102 897 1255 962 doctorum,
1266 898 1382 967 quidum
1391 912 1437 953 rer
1457 914 1500 953 utu
1514 899 1706 968 predicationis
1717 904 1782 959 bouis
1791 921 1848 961 nien·

260 978 324 1035 Jesu
350 977 448 1032 carnai·
470 976 520 1046 ptis
543 974 644 1040 Dauid,
664 974 713 1044 dlii
723 972 855 1028 Abrabam
870 970 1003 1043 (liuttici
1027 971 1051 1042 ).
1101 968 1175 1021 tibus
1197 966 1315 1036 iaciunt,
1334 969 1369 1023 ad
1390 983 1605 1038 unamquamque
1621 971 1730 1025 animam
1743 976 1849 1044 unigenita

260 1052 280 1107 s
315 1050 401 1102 quur,-
1103 1036 1174 1092 ritto
1186 1038 1400 1108 conjungendam
1415 1043 1491 1107 qnasi
1504 1044 1657 1110 provisores
1669 1040 1740 1096 dunt.
1750 1046 1793 1110 Qui
1804 1063 1850 1115 pu·

299 1118 389 1187 qim·
412 1114 446 1170 qq
467 1114 555 1186 seqq.)
576 1113 683 1168 Datninc
702 1112 770 1166 Deus
791 1112 891 1166 domini
905 1111 952 1165 anei
971 1111 1053 1163 Abra·
1101 1121 1169 1231 qens
1181 1106 1216 1162 de
1228 1107 1446 1164 bonisomnibus
1462 1109 1568 1164 Doirrini
1589 1111 1751 1177 widerolt,
1770 1118 1850 1184 quinia

261 1190 331 1253 dam,
346 1202 450 1241 oernrrc
464 1187 537 1247 mitri,
547 1185 782 1248 obsecro,liodie.et
796 1185 838 1251 sac
851 1181 1052 1235 niisericordinns
1121 1192 1146 1231 ts
1160 1193 1219 1248 quae
1231 1177 1266 1232 de
1280 1179 1393 1233 Domino
1408 1180 1571 1248 loquuntur,
1592 1180 1620 1233 in
1634 1184 1772 1250 semetipsis
1789 1186 1851 1243 ainu-

261 1277 319 1313 rnm
331 1259 435 1313 donnino
448 1272 504 1310 meo
518 1253 657 1309 Abrabam.
674 1253 739 1308 Erae
753 1268 799 1322 eqo
811 1262 853 1305 sto
865 1267 941 1317 super
955 1251 1052 1321 {antem
1103 1256 1159 1300 tum
1171 1247 1280 1303 divitias
1292 1248 1455 1306 ostendunt:
1465 1261 1493 1303 ut
1506 1250 1665 1305 tantocitius
1675 1254 1705 1304 ad
1719 1256 1851 1324 smucodrn

261 1345 350 1396 nque,
366 1337 390 1382 et
409 1327 470 1392 filie
487 1326 657 1379 latinarum
674 1325 752 1393 liujus
767 1322 877 1375 ciuitatis
887 1324 1051 1391 eqrrdientur
1103 1315 1189 1371 Deum
1206 1318 1361 1386 pertraham
1372 1359 1381 1381 .
1394 1332 1493 1387 quatuo
1507 1320 1673 1375 auditoribus
1688 1324 1767 1377 suisio
1776 1338 1851 1381 sene·

261 1401 296 1451 od
315 1395 484 1451 hauriendam
499 1412 604 1465 ιιιιιιιιιιι.
625 1391 711 1465 lqitur
722 1392 808 1458 puella
821 1394 862 1445 cui
881 1393 990 1455 dixero,
1005 1387 1051 1444 ln·
1103 1385 1170 1455 ipsis
1184 1398 1407 1459 monstrantque
1418 1391 1633 1458 narrant.dtque
1644 1391 1723 1446 isdem
1734 1394 1850 1465 punina

262 1470 330 1523 rlino
341 1467 458 1539 lrpdrianr
472 1475 543 1518 taam
557 1475 584 1517 ut
598 1464 692 1528 bibam,
701 1473 725 1517 ει
739 1462 786 1516 illu
800 1461 969 1526 responderit,
976 1459 1050 1530 stre,
1103 1457 1205 1513 tnrrnm
1218 1460 1303 1522 stetit,
1314 1470 1394 1529 atque
1407 1474 1440 1514 ex
1452 1460 1560 1529 praelixa
1571 1463 1711 1530 sentenia,
1723 1478 1776 1531 que
1786 1470 1851 1534 puella

261 1542 322 1608 quin
335 1549 358 1592 et
371 1534 475 1590 canariis
486 1535 537 1588 tais
548 1533 614 1588 dabo
625 1545 728 1600 potunt,
743 1533 800 1599 ipsa
810 1543 846 1586 ast
860 1549 937 1603 quon
946 1546 1049 1603 praepa·
1103 1526 1225 1596 eligenda
1240 1540 1324 1597 esset,
1337 1532 1494 1598 proposuit,
1512 1530 1575 1600 qnia
1591 1532 1769 1599 predicatores
1787 1538 1852 1590 mani

261 1609 326 1662 rasti
336 1623 407 1660 sarno
418 1617 462 1660 tuo
473 1603 560 1659 isaac.
582 1603 660 1659 Aliud
678 1612 721 1657 est
740 1602 812 1657 enirn
831 1603 927 1656 mirum
948 1600 1051 1667 aliqrrid
1103 1599 1173 1652 sacri
1186 1599 1285 1669 eloquii
1299 1599 1398 1654 noenia
1412 1601 1595 1667 considerant,
1609 1612 1690 1671 atque
1701 1619 1732 1659 es
1746 1605 1800 1673 ipsis
1810 1607 1853 1661 col·

263 1691 364 1746 ιιειειε,
380 1677 450 1742 quod
474 1675 534 1743 ipso
556 1674 685 1729 miraculo
703 1675 809 1743 signum
822 1674 877 1737 sit.
899 1687 952 1726 nou
967 1686 1051 1741 :iugu-
1103 1666 1191 1737 traam
1202 1684 1262 1740 quae
1275 1672 1318 1724 rel
1332 1669 1430 1739 quibus
1441 1670 1640 1740 predicationis
1650 1688 1705 1727 susc
1715 1676 1787 1729 rerba
1799 1690 1854 1730 ons·

262 1751 330 1802 rinm
345 1765 352 1800 ε
370 1746 452 1811 aliud,
468 1760 499 1800 ea
513 1745 670 1809 observare,
680 1744 783 1812 qusita
799 1744 904 1797 liuntut
915 1742 983 1795 mira
995 1757 1050 1796 rinn
1103 1738 1232 1803 mittant,
1253 1747 1281 1794 et
1294 1756 1328 1795 ex
1341 1740 1439 1810 quibus
1460 1741 1628 1796 auditoribus
1643 1742 1758 1798 liduclam
1770 1746 1853 1799 cenin-

261 1821 325 1883 sint,
336 1818 385 1872 scd
401 1815 628 1883 arorijectoribus
637 1812 821 1883 superstitiosa
832 1812 948 1866 rontano
961 1810 1048 1866 inter-
1103 1805 1175 1862 diois
1191 1817 1340 1865 assumant.
1355 1810 1450 1866 Potum
1464 1826 1529 1865 sero
1541 1812 1630 1880 petiit,
1651 1817 1710 1881 quia
1728 1813 1854 1883 qratiam

262 1899 410 1959 paciantur.
426 1885 480 1942 Sed
496 1889 547 1940 boc
568 1885 655 1953 ipsum
670 1886 771 1948 ctiam,
794 1883 865 1952 quod
879 1882 976 1937 mirum
999 1881 1050 1937 ali·
1102 1877 1191 1934 omnis
1204 1878 1322 1935 animam
1336 1882 1377 1934 roi
1392 1881 1522 1938 auditoris
1532 1881 1600 1936 sitit.
1626 1883 1680 1939 Sed
1703 1882 1809 1939 Rebecca
1820 1900 1854 1952 po

262 1958 328 2029 quid
342 1956 501 2026 postnlatur,
522 1970 575 2023 qno
592 1954 759 2023 significetur
781 1952 852 2021 quod
867 1952 1050 2022 quisquevult
1100 1956 1158 2002 turn
1170 1948 1296 2018 prebuit,
1311 1951 1373 2020 quia
1393 1962 1485 2006 saricta
1499 1951 1648 2007 electorum
1663 1953 1854 2023 Eedesiapredi·

262 2042 353 2095 nosse,
369 2039 457 2081 utrum
469 2024 630 2080 audiendum
642 2026 689 2091 sit,
701 2039 754 2078 non
767 2037 851 2092 parta
863 2024 976 2091 quaestio
988 2033 1049 2077 est:
1100 2031 1221 2073 catorum
1234 2035 1345 2074 suorum
1358 2021 1493 2077 desiderio
1505 2037 1539 2077 ex
1553 2022 1662 2077 uirtutis
1675 2038 1729 2078 sue
1742 2024 1855 2080 ilderatu-
1919 2072 1920 2075 ,

262 2101 385 2154 roeuim
403 2095 518 2166 pertinet
531 2095 602 2165 qnod
622 2095 749 2148 dicuntur
768 2095 813 2161 qui
829 2093 880 2149 boc
900 2109 954 2147 non
974 2105 1050 2149 reete
1101 2088 1353 2160 tecit:qutacntm
1369 2091 1453 2146 Deum
1476 2106 1555 2161 utem
1575 2091 1678 2147 audivit
1696 2093 1805 2149 cariem
1815 2106 1853 2159 ert,
1919 2118 1920 2163 l

263 2170 377 2233 iaciunt,
393 2176 497 2222 tentare
512 2165 653 2220 bantinum
664 2180 671 2217 ι
683 2179 745 2218 nam
770 2164 828 2232 ipse
844 2164 973 2218 llorriinns
987 2178 1049 2218 cum
1101 2158 1270 2228 praedtoaiort
1290 2175 1340 2215 suo
1353 2175 1448 2231 aquarn
1471 2163 1628 2219 relectionis
1653 2163 1747 2219 ourntn
1767 2166 1855 2233 quum
1919 2166 1920 2187 ¹

262 2238 401 2294 adiabolo
411 2246 568 2301 tctrtnretur,
580 2237 763 2291 testimonium
776 2233 964 2302 descriptoris
974 2232 1052 2288 adlii-
1100 2230 1220 2284 animum
1246 2229 1426 2300 refrigeravit.
1452 2232 1483 2286 Et
1498 2235 1646 2289 notandum
1667 2235 1736 2303 quod
1757 2235 1854 2305 hydrino

261 2309 331 2373 buit,
347 2306 408 2362 Non
421 2306 527 2361 tantalis
539 2305 676 2358 dominium
686 2303 769 2358 Druna
790 2314 861 2358 tuam
874 2303 982 2375 (lintri.
994 2306 1049 2372 tr);
1100 2299 1135 2354 db
1146 2298 1267 2355 hanseris
1282 2301 1308 2354 in
1322 2305 1400 2355 ulnas
1414 2304 1512 2370 posuit.
1525 2305 1587 2372 qnia
1603 2303 1700 2359 illaesi
1715 2306 1798 2375 placita
1808 2319 1855 2359 cto
1919 2310 1920 2351 l

263 2379 456 2449 srrqqerebatur
466 2377 536 2429 enirn
549 2385 683 2443 tamquam
699 2374 814 2438 bomini,
825 2383 854 2428 ut
868 2377 945 2442 siquo
957 2373 1050 2443 aliquo
1099 2367 1193 2435 lessio,
1209 2386 1269 2440 que
1283 2387 1299 2425 a
1314 2371 1385 2425 bono
1395 2388 1477 2440 opere
1491 2374 1627 2443 procedit3
1644 2376 1686 2429 rel
1699 2386 1767 2431 certe
1782 2391 1855 2444 aqam

263 2452 416 2518 exploraret
427 2447 485 2516 ipsc
496 2453 611 2515 quantus
625 2444 755 2510 essct‚id
770 2452 824 2511 est,
838 2458 919 2514 quam
935 2444 1049 2499 nutritum
1101 2440 1294 2512 praetoremn
1307 2442 1333 2497 in
1346 2441 1397 2496 bue
1408 2444 1702 2512 quudsrndrdit,racua
1712 2460 1856 2501 ιοιιιειιιιιι
1919 2470 1920 2481 ι

263 2519 333 2588 apud
349 2520 430 2571 ileum
446 2525 546 2586 posset,
560 2514 629 2584 quod
644 2516 740 2567 ritiosc
751 2514 792 2579 bt,
805 2528 866 2567 cnm
881 2513 920 2569 dt.
937 2513 979 2568 Ab
998 2517 1050 2570 troc
1099 2513 1230 2567 sitznatn
1243 2512 1855 2585 mospraedicarestuduitquod‘audirit.etdo
1919 2514 1920 2525 ¹

263 2597 353 2644 autern
365 2585 609 2655 discernitur-quod
625 2584 734 2641 Gedcon
749 2572 830 2647 lecit,
846 2599 940 2653 pugne
960 2585 1050 2638 immi·
1099 2582 1187 2636 condo
1201 2583 1299 2645 multus
1309 2584 1574 2653 exsepraedicatnres
1581 2587 1702 2653 protulit.
1710 2587 1856 2656 dquaquippa
1919 2646 1920 2653 ι

262 2666 344 2713 nerito
363 2655 493 2726 periculo.
515 2653 672 2710 Consolatio
687 2659 786 2725 quippe
805 2653 850 2709 illa
870 2658 954 2724 magis
966 2669 1049 2725 quam
1099 2651 1127 2706 in
1141 2650 1236 2723 hydria
1250 2661 1292 2707 est
1303 2654 1417 2708 scientia
1430 2653 1630 2722 predicationis
1641 2658 1667 2710 in
1679 2656 1855 2724 mensurantis
1919 2656 1920 2739 l

261 2728 373 2785 tentatio
386 2726 445 2781 luit.
461 2728 497 2782 Sc
517 2730 607 2780 ultur:
1100 2732 1193 2776 salicta
1208 2723 1328 2778 Ecclesia
1345 2723 1434 2778 studet
1452 2740 1503 2778 non
1523 2725 1582 2797 plus
1594 2742 1685 2796 sapere
1698 2743 1770 2798 quasa
1781 2733 1856 2791 opntsl

297 2796 388 2871 (Vens.
413 2795 466 2863 40,
481 2740 540 2869 iq.)
559 2793 701 2858 vuarinus,
719 2795 766 2858 ait,
781 2796 808 2848 in
820 2796 893 2866 onius
912 2804 1049 2866 conspectu
1099 2792 1251 2862 saperc‚sed
1261 2808 1351 2861 sapere
1361 2795 1395 2846 od
1404 2793 1565 2849 sobrietatem
1579 2795 1736 2867 (llam.xtt);
1747 2798 1857 2867 ethdria

260 2869 375 2931 ambula.
395 2868 476 2921 mittet
489 2866 609 2938 anqclum
628 2880 704 2919 sunm
719 2874 812 2930 lecara,
832 2876 855 2919 ct
873 2864 966 2933 diriqet
980 2865 1049 2918 aiatn
1100 2876 1169 2931 aqua
1182 2865 1209 2917 ln
1224 2864 1306 2929 ulna,
1323 2871 1365 2919 est
1382 2864 1504 2919 doctrina
1528 2867 1728 2935 predicationis
1740 2872 1765 2921 in
1776 2879 1856 2934 orere:
1919 2864 1920 2943 l

261 2951 342 3005 tuam,
355 2938 515 3007 accipiesque
525 2951 631 2990 uxorem
643 2936 698 3006 filio
709 2951 766 2990 mea
780 2937 968 3008 dampnatione
981 2951 1047 3000 nara,
1100 2946 1160 3001 quae
1175 2947 1226 2987 non
1241 2933 1327 2988 solum
1342 2935 1401 3005 ejus
1414 2936 1568 3002 turturibus,
1581 2936 1629 2993 scd
1644 2947 1734 3006 potum
1748 2939 1817 2992 etiam
1825 2950 1857 2989 ca·
1919 2950 1920 3005 ι

261 3022 285 3063 et
304 3009 425 3063 dedomo
442 3004 738 3073 penetrantissima
759 3006 809 3059 eris
830 3023 846 3059 u
868 3003 1048 3059 maledictione
1101 3003 1182 3058 melis
1198 3004 1322 3073 probuti,
1335 3005 1397 3074 qnia
1410 3005 1520 3059 rerbuur
1537 3009 1596 3061 rim
1608 3022 1662 3061 nou
1673 3009 1757 3063 solutu
1768 3006 1858 3073 innudet·

262 3096 288 3132 m
303 3096 328 3146 a,
345 3077 508 3131 cumtnneris
518 3077 551 3128 nd
561 3077 716 3147 propinquos
726 3091 811 3139 meos,
824 3085 848 3130 et
864 3091 914 3129 non
929 3074 1047 3129 dederint
1102 3073 1183 3136 tibus,
1200 3073 1248 3129 scd
1262 3076 1343 3127 etiam
1357 3073 1446 3129 stultis
1462 3076 1598 3144 predicat,
1611 3078 1689 3146 justi
1704 3077 1774 3133 Pauli
1785 3089 1857 3129 rocca

262 3149 317 3201 tibi.
331 3148 389 3213 Quin
406 3147 486 3200 morlo
497 3147 540 3199 illa
551 3146 703 3215 coniuratio
715 3146 888 3201 naalodietam
905 3145 989 3214 possit
1006 3147 1047 3200 in·
1099 3141 1238 3197 dicentis:
1258 3142 1423 3215 sapientibus
1450 3158 1473 3198 ει
1497 3147 1678 3218 insipientibus
1710 3148 1799 3202 debitor
1818 3159 1859 3198 ιιι

264 3219 357 3288 telliqi,
373 3216 423 3270 nisi
439 3216 689 3278 rinaledictuscsset,
705 3218 727 3270 si
740 3226 833 3270 contra
848 3216 907 3284 ejus
921 3216 1047 3284 coniura-
1102 3212 1191 3282 (Rom.
1205 3214 1244 3283 t).·
1270 3214 1314 3269 iel
1340 3226 1414 3271 certe
1435 3231 1502 3285 atqua
1528 3221 1609 3271 etiarn
1633 3220 1761 3286 pinnensis
1784 3218 1858 3277 datur.

263 3289 363 3342 tionem
376 3284 492 3340 iecisset.
511 3286 651 3355 Sequitur:
1062 3258 1085 3321 C
1100 3285 1208 3352 qnarido
1222 3299 1276 3352 quo
1287 3279 1371 3339 'inodo
1383 3287 1584 3341 curararnissit
1595 3287 1857 3357 lintrendndisponltm.

300 3354 662 3430 (Vers.50.lllrsponderant
676 3352 801 3407 Laianci
816 3351 946 3409 Bottiaei:
961 3370 977 3407 a
993 3353 1048 3409 Do·
1102 3363 1130 3408 ut
1143 3367 1176 3408 es
1199 3357 1334 3424 voluptate
1353 3356 1469 3425 impendi
1486 3372 1538 3411 non
1562 3357 1676 3420 debeat,
1692 3366 1720 3412 et
1746 3368 1821 3412 ιιιιιιι
1839 3354 1859 3409 ir
1919 3354 1920 3425 l

262 3428 332 3483 mino
344 3441 457 3499 opressus
467 3434 504 3479 ast
515 3440 616 3489 mmo,
633 3439 683 3478 non
695 3439 830 3496 passumus
840 3434 912 3478 extra
926 3424 1050 3495 placitum
1100 3426 1307 3495 necessitatibus
1321 3442 1374 3479 non
1389 3438 1511 3495 tingetur,
1525 3427 1596 3482 sicut
1609 3431 1739 3498 scriptum
1754 3439 1799 3492 est.
1811 3425 1860 3480 cn·
1919 3442 1920 3477 t

261 3500 319 3567 eius
331 3497 404 3552 aliud
415 3496 552 3569 quidquam
566 3496 638 3564 loqui
655 3504 747 3549 tecum.
771 3491 812 3546 En
834 3494 949 3549 Rebecca
962 3511 1050 3550 corum
1099 3496 1140 3548 nlo
1154 3510 1242 3548 curum
1255 3510 1286 3549 nc
1300 3497 1410 3565 feceritis
1424 3498 1451 3551 ιἰι
1466 3496 1599 3551 desideriis
1621 3498 1713 3569 (ilarii.
1736 3499 1804 3565 nttt);
1825 3494 1859 3564 qai

261 3580 285 3623 tc
295 3577 348 3634 est;
363 3566 489 3621 tulletum
502 3575 525 3620 rt
538 3566 714 3633 proficiscere,
729 3574 753 3618 et
765 3565 798 3618 sit
811 3581 877 3619 naar
891 3564 939 3631 pla
952 3566 1051 3621 domini
1099 3571 1171 3619 enirn
1184 3566 1252 3619 lianc
1263 3565 1290 3619 in
1301 3566 1441 3621 desideriis
1452 3568 1509 3621 lieri
1520 3568 1656 3638 probibet,
1673 3568 1860 3639 proculdubiais

261 3642 310 3704 tui,
320 3639 386 3693 sieut
398 3641 499 3690 locutus
513 3635 698 3691 sitdominus.
711 3636 844 3701 Quaritur
857 3635 966 3703 quando
976 3638 1050 3690 locu·
1101 3635 1260 3690 necessitate
1270 3635 1401 3702 coaicedit,
1413 3637 1488 3705 justa
1498 3637 1549 3692 line
1560 3638 1631 3709 qnod
1644 3655 1751 3694 romum
1769 3641 1859 3691 dinan:

262 3718 304 3762 tos
318 3717 359 3763 est
373 3708 500 3762 Dominus
513 3705 562 3760 nisi
578 3706 639 3774 quia
660 3704 701 3759 rel
721 3704 877 3775 prophetam
889 3719 949 3760 esse
961 3704 1050 3761 Abra·
1101 3703 1384 3764 Nemacarncnt,snam
1394 3705 1453 3760 odio
1467 3707 1550 3775 natet,
1566 3708 1611 3761 scd
1626 3711 1706 3764 ιιιιιιίι
1718 3720 1742 3765 rt
1752 3712 1807 3781 saort
1819 3720 1860 3759 esa

263 3779 324 3833 bam
341 3785 482 3841 nouerant,
496 3783 523 3831 et
533 3767 688 3845 prophetice
702 3792 717 3826 a
732 3774 846 3830 [lumino
859 3773 960 3829 dictum
974 3775 1046 3845 qnod
1098 3773 1180 3845 (Epir.
1196 3773 1234 3845 ιἰ.
1258 3774 1328 3830 Puer
1349 3786 1439 3832 antem
1457 3776 1587 3833 Rebeccae
1605 3781 1716 3834 inaures
1728 3790 1755 3835 nt
1765 3776 1860 3833 armillas

260 3845 1046 3990 tttltllltlltlllltltlllllllll-illllllll
1096 3846 1289 3969 ltllullt
1307 3847 1861 3990 lllllttltlttttltllllell

376 3948 380 3966 ¹
865 3954 873 3979 b

260 3988 366 4046 Domini
380 3988 591 4057 appellaverunt.
606 3984 752 4054 Sequitur:
1097 3986 1261 4054 operationis
1285 3986 1408 4042 nterituna
1436 3959 1575 4043 esuriret,
1596 3990 1649 4046 sed
1685 3992 1786 4045 inaures
1808 3987 1861 4041 dac-

297 4057 387 4131 quera.
398 4057 455 4128 bil.)
472 4055 630 4110 baratinam
647 4071 707 4125 erpa
718 4070 774 4108 eam
786 4063 809 4106 rt
821 4053 946 4110 nutricem
957 4052 1045 4120 illius.
1098 4069 1157 4108 rum
1170 4055 1298 4109 siclorum
1314 4070 1386 4123 sunt,
1403 4059 1516 4113 armillae
1532 4069 1621 4113 atatem
1636 4060 1763 4115 siclorum
1777 4058 1859 4117 dccet&

260 4142 409 4195 seruamque
427 4125 556 4180 Abrabam
575 4134 598 4178 et
612 4127 715 4178 comites
731 4124 799 4196 ejas.
825 4125 928 4180 [lucens
946 4128 1046 4193 quippe
1096 4128 1158 4195 quia
1174 4128 1259 4195 prima
1274 4127 1358 4181 uirtus
1372 4127 1576 4184 obedientiario
1597 4136 1729 4185 eliarttate
1741 4140 1799 4187 est:
1816 4142 1861 4195 tttttt

260 4208 320 4254 erat
333 4207 361 4253 ιιι
372 4197 405 4250 ad
420 4196 526 4266 nuptias
546 4194 649 4266 absquo
671 4194 826 4263 parentibus
841 4194 916 4264 rirqo
936 4193 1045 4265 profici·
1098 4194 1224 4251 uidelicet
1236 4194 1354 4251 ebaritas
1369 4197 1396 4252 in
1418 4199 1524 4253 duobus
1545 4202 1687 4271 preceptis
1704 4198 1860 4270 distinqnitsr.

259 4282 346 4333 scens,
364 4266 475 4323 nutricis
489 4265 589 4321 auritio
604 4265 748 4320 frueretur.
763 4263 906 4334 Sequano:
1099 4272 1129 4320 ut
1146 4266 1253 4322 [lenset
1268 4267 1405 4335 protinus
1417 4269 1573 4339 diligantur.
1588 4270 1621 4326 Et
1634 4282 1708 4327 recta
1721 4270 1861 4341 οιειιιιιει

296 4336 385 4411 (Vers.
398 4336 455 4407 60.)
468 4335 549 4392 Soror
561 4346 648 4390 nostra
659 4352 696 4399 es,
711 4332 927 4390 rrernsmnslte
945 4334 1045 4405 millia,
1097 4335 1218 4406 decalogi
1241 4337 1419 4405 ciriniplctinne
1440 4340 1597 4408 perficitur,
1621 4349 1651 4395 nt
1673 4358 1735 4397 cam
1758 4346 1817 4395 liora
1827 4337 1861 4402 sti

259 4419 282 4462 et
302 4409 431 4478 possideat
446 4423 531 4463 senen
548 4417 619 4462 luunt
639 4414 729 4474 ‘portas
748 4405 909 4465 inimicorum
926 4421 1044 4460 suorum.
1097 4408 1239 4474 ceperint,
1253 4410 1322 4461 mala
1337 4405 1393 4477 jam
1408 4409 1479 4464 nulla
1495 4420 1695 4481 perpetrentur.
1708 4410 1860 4466 debeam·-

259 4478 316 4535 Nou
329 4479 467 4549 propbetas
478 4478 598 4542 luerunt.
608 4485 655 4531 aut
664 4476 781 4531 sanitate
794 4486 848 4530 tant
863 4490 958 4546 magua
968 4488 1046 4545 opta·
1098 4485 1152 4531 lem
1166 4492 1227 4532 esse
1238 4478 1265 4532 iu
1280 4476 1361 4532 darno
1374 4480 1510 4547 patrissui
1524 4479 1612 4536 lucram
1622 4485 1768 4551 spatiosum
1779 4477 1808 4533 sd
1817 4488 1861 4532 nt·

177 4556 181 4563 “
258 4557 367 4617 rerunt,
381 4548 561 4617 sedensque
578 4549 738 4616 promiserat
750 4547 819 4602 bens
832 4545 947 4601 nirata
961 4547 1046 4601 latere
1098 4547 1214 4601 nandum
1231 4547 1377 4618 perbibuit,
1392 4548 1646 4621 qulaapriarijant
1670 4553 1860 4622 prrpnlonstsre
1919 4588 1920 4595 ι

259 4634 313 4674 non
362 4617 421 4674 tuit.
441 4617 509 4683 Quid
528 4615 659 4685 estquod
678 4614 814 4670 Abrabam
836 4630 947 4681 pueram
965 4616 1045 4685 jubet
1099 4617 1184 4686 tegern
1199 4627 1289 4671 sauma
1302 4618 1421 4674 Ecclesia
1436 4635 1466 4674 se
1480 4625 1565 4675 scisse
1586 4623 1860 4688 transmarinarum·

259 4692 310 4743 sub
332 4701 424 4743 eruore
434 4700 484 4741 sno
496 4701 602 4739 manum
616 4699 725 4754 ponere.
735 4696 762 4739 et
772 4699 819 4754 per
829 4688 889 4740 coeli
898 4684 1042 4742 [lominum
1058 4675 1081 4737 [l
1094 4684 1236 4741 dicationis
1249 4690 1331 4743 rerba
1341 4689 1367 4742 in
1383 4690 1473 4759 amplo
1487 4690 1627 4745 claritatis
1636 4693 1741 4760 promta
1750 4687 1860 4756 sasoepllt

258 4759 360 4829 jurare,
376 4759 426 4811 uisi
439 4757 510 4826 quod
523 4756 594 4809 illius
608 4768 673 4810 caro
687 4769 734 4823 per
745 4754 810 4809 illud
827 4758 978 4809 membrum
993 4756 1044 4810 de·
1094 4756 1198 4811 docturi
1212 4757 1285 4812 enirn
1302 4759 1437 4826 spatiosus
1460 4758 1493 4814 ad
1508 4762 1672 4817 intuendum
1691 4762 1766 4816 lucus
1777 4755 1860 4819 esni·

259 4842 388 4883 saetisura
402 4837 478 4889 crat,
494 4826 538 4896 qui
552 4835 579 4878 et
595 4824 708 4879 dbralnc
723 4826 793 4878 tinus
806 4840 838 4878 cx
855 4824 1043 4893 liniiianitatc‚
1094 4827 1246 4881 auditorum
1259 4833 1342 4883 carde
1356 4830 1469 4884 latitudo
1481 4833 1611 4886 veritatis.
1638 4832 1715 4887 Unde
1734 4843 1760 4885 et
1772 4827 1860 4898 quinas

257 4908 286 4955 ct
305 4899 432 4953 Dominus
447 4911 481 4951 es
494 4896 641 4950 diuinitate.
658 4896 708 4951 Sia
721 4895 812 4963 ruique
833 4911 915 4961 puero
928 4897 1043 4951 dieitur:
1095 4895 1156 4950 dana
1172 4897 1270 4952 dicitur
1285 4897 1394 4967 :Capite
1406 4915 1462 4965 rios,
1479 4902 1605 4955 neminem
1620 4901 1744 4966 lerinum,
1759 4898 1861 4954 matra

257 4967 330 5025 rane
342 4982 445 5021 ntanrmt
458 4976 527 5020 tuam
540 4967 586 5019 rub
598 4965 692 5035 serore
710 4980 774 5027 intro,
790 4975 813 5018 rt
823 4966 886 5035 jura
903 4981 948 5033 per
960 4963 1045 5020 bearn
1094 4970 1255 5035 corrupimus
1270 4966 1303 5034 (ll
1318 4965 1378 5023 Cor.
1394 4969 1461 5038 rtt);
1477 4985 1529 5024 non
1550 4972 1732 5041 orrqrtstianaini
1745 4974 1770 5024 in
1787 4966 1860 5031 satir,

257 5039 324 5093 roeli.
339 5041 377 5092 Ac
391 5040 414 5093 ti
429 5046 521 5107 aperte
532 5036 687 5091 diceretur:
703 5034 794 5106 Tarqu
806 5039 888 5088 litinm
904 5045 1045 5103 meumst
1093 5039 1277 5106 anqustianrini
1297 5048 1383 5093 autem
1402 5041 1428 5092 in
1447 5040 1585 5096 sinaitas
1603 5044 1691 5097 uestris
1706 5040 1744 5107 tlt
1755 5037 1811 5096 car.
1822 5034 1860 5101 nl.
1919 5058 1920 5075 ¹

256 5111 315 5178 jaira
332 5121 380 5177 per
393 5104 537 5161 burinnutn
557 5120 657 5161 meum.
678 5105 755 5161 Unde
773 5119 822 5159 trec
843 5110 1042 5175 superamur,
1096 5111 1134 5161 dc
1148 5110 1169 5161 si
1180 5122 1274 5177 aperte
1284 5109 1325 5163 eis
1337 5108 1483 5176 diceretur,
1502 5112 1542 5166 dd
1563 5114 1759 5183 suscipiendam
1777 5111 1860 5162 donn

257 5179 305 5233 sed
318 5178 368 5232 sub
378 5176 480 5233 lemaro
493 5189 602 5232 manum
616 5189 716 5244 ponere
737 5175 857 5242 jubetur,
873 5177 935 5244 quia
947 5190 981 5231 es
995 5176 1044 5230 illo
1095 5188 1156 5230 narn
1168 5177 1313 5247 spatiosum
1326 5177 1415 5233 locun
1431 5182 1528 5235 utentis
1541 5180 1636 5244 talia.
1652 5181 1701 5237 red
1716 5183 1748 5234 sd
1761 5179 1861 5251 ειιιιιιῇ

244 5249 359 5304 ¹lemare
373 5247 553 5303 descensurus
567 5253 645 5310 erat,
669 5246 714 5314 qui
737 5243 818 5299 borno
841 5246 970 5314 quidem,
995 5246 1044 5301 sed
1095 5245 1128 5300 da
1141 5247 1259 5302 carnalia
1270 5253 1375 5317 sirpus-ti
1390 5262 1537 5305 reiraanete.
1551 5247 1859 5321 Quodpalenruatacleu
1919 5256 1920 5261 ¹

257 5332 445 5388 superomnes
459 5315 581 5372 homines
594 5316 712 5370 renitet:
727 5314 797 5369 unde
809 5316 919 5385 dignum
931 5330 983 5370 non
994 5315 1046 5370 tuit
1097 5319 1243 5385 plurimum
1266 5318 1366 5373 babere
1391 5319 1529 5391 indicarit,
1551 5321 1682 5391 siquiden
1706 5326 1769 5390 qaia
1786 5324 1860 5371 unca

256 5397 289 5444 ut
302 5400 411 5442 manum
425 5401 507 5456 super
521 5387 609 5442 lemur
624 5393 744 5454 poneret,
760 5386 820 5453 quia
836 5387 907 5441 nnlla
922 5400 986 5440 caro
1000 5401 1045 5441 su·
1096 5386 1217 5441 Ecclesia
1231 5388 1311 5443 rerba
1325 5388 1388 5443 ritae
1401 5389 1522 5454 audiens.
1547 5400 1651 5447 terrena
1664 5390 1791 5458 stipendis
1804 5399 1859 5453 prs·

258 5471 306 5528 por
320 5456 392 5512 illam
404 5471 514 5512 canneta
536 5467 587 5520 cst,
607 5471 687 5525 quarn
712 5457 737 5508 iu
760 5455 972 5522 redemptionem
996 5471 1042 5511 no·
1096 5458 1261 5512 dicatoribus
1281 5458 1416 5523 reddidit,
1442 5474 1503 5529 quae
1518 5461 1615 5517 Paulus
1635 5462 1713 5532 qnasi
1733 5476 1781 5529 pro
1794 5452 1860 5509 nubib

258 5524 832 5596 stramslbil·atrisunigenitusunirit.0nid
843 5526 1047 5596 cstqnndlsaac
1098 5531 1220 5595 accipere
1233 5542 1263 5582 se
1276 5527 1363 5583 disit:
1383 5527 1415 5583 st
1433 5545 1491 5597 nos,
1505 5532 1606 5600 inquit,
1621 5528 1749 5595 spiritalia
1759 5527 1819 5582 ariis
1829 5538 1860 5575 tt·

258 5591 359 5648 dilecto
370 5596 424 5649 illio
436 5610 504 5650 usor
518 5596 551 5650 de
565 5596 669 5650 titianus
682 5596 893 5651 Cluananaeorum
903 5597 964 5650 dnci
979 5611 1042 5665 pro·
1095 5597 1256 5663 miravimus,
1281 5614 1401 5669 mnpnnns
1423 5607 1460 5653 est
1474 5601 1496 5654 si
1514 5617 1530 5653 n
1549 5603 1619 5657 nobis
1631 5602 1745 5655 canatis
1758 5603 1859 5650 nam

263 5660 383 5727 bibetur,
400 5662 451 5718 nisi
465 5666 535 5733 qnod
548 5666 593 5720 ille
603 5667 636 5720 da
648 5680 702 5734 qun
714 5668 845 5735 scriptum
860 5677 919 5729 cst,
937 5665 990 5719 Hic
1003 5676 1041 5721 est
1095 5667 1125 5739 (l
1139 5665 1198 5721 Car.
1220 5668 1270 5738 ts).
1285 5667 1481 5724 trauersum
1497 5670 1696 5727 tremonem
1709 5668 1859 5737 hinnu·

260 5726 347 5786 Filius
357 5746 426 5786 mens
437 5728 640 5804 dilectissimam
655 5734 716 5789 milti
730 5737 873 5807 eorrrptacui
881 5735 975 5806 (unam
989 5735 1041 5811 ιιι),
1096 5743 1217 5794 cuttaitns
1238 5752 1379 5810 egressus,
1404 5743 1510 5797 inaures
1523 5751 1551 5798 ct
1561 5743 1678 5798 armillas
1692 5738 1790 5796 saturis
1801 5745 1859 5797 ψ·
