4009 6184
203 328 272 392 tato
500 319 535 375 tri
552 317 582 375 S.
602 315 769 374 liminius!
787 302 1051 371 snttnttuatttt
1066 300 1257 360 remearunt
1276 300 1543 360 PHOLHGOHENA.
1771 306 1839 364 tarn

208 440 332 501 Hortaris
351 440 376 486 st
403 434 554 487 constmrtio
575 429 711 502 moedpsis
732 424 918 483 suendotilns.
943 418 998 477 Sed
1011 415 1038 479 Α
1050 416 1142 474 multis
1156 417 1319 474 adversariis
1329 418 1388 489 ejus
1399 420 1553 476 novissimis
1566 419 1731 489 balleriniis,
1746 440 1840 494 quan·

209 514 999 594 stumw,„sidenem,0⁰10mp‚2n.01u1ustt0mae
1052 508 1092 562 ris
1109 506 1235 563 Humane
1249 509 1334 564 coriae
1345 509 1455 577 deditis,
1472 512 1601 570 accedere
1620 528 1703 584 quam
1717 529 1781 572 can
1795 517 1842 576 ills

210 615 395 677 Chelidonias.
407 619 596 679 remotumque
607 608 740 679 iudicium
751 607 785 662 ab
796 605 897 661 Hilario
909 603 936 657 in
949 605 1000 657 ltac
1050 611 1146 668 sapere
1162 598 1249 654 malis.

210 724 290 769 cansa
306 708 457 779 prolatum.
470 712 499 758 et
514 717 548 758 ue
570 701 678 769 impune
691 698 773 754 lerrct
791 710 867 752 suam
880 709 943 764 erga
957 708 1001 749 se·
1088 689 1172 744 Porro
1186 690 1317 746 Hilarium
1339 705 1400 747 cum
1416 691 1506 747 multis
1519 693 1578 749 aliis
1589 693 1685 750 Gallias
1705 697 1843 768 episcopis

203 806 273 858 dem
289 783 464 867 apostolicam
477 788 634 857 audaciam,
652 803 705 843 uon
718 787 805 844 solum
821 785 945 854 adempta
959 792 1001 839 est
1052 780 1163 837 minime
1184 782 1313 850 probasse
1337 782 1478 853 Augustini
1492 794 1626 840 recentem
1637 794 1703 842 tunc
1714 786 1751 842 de
1768 788 1843 843 Pra-

212 890 237 945 ei
252 896 279 943 et
290 883 436 941 Viennensi
451 882 559 936 interim
573 879 700 948 episcopo
716 875 820 931 reddita
845 872 1003 942 metropoli-
1052 871 1230 927 destinatione
1251 880 1280 927 et
1294 871 1386 928 Gratia
1408 874 1581 943 opinionem,
1601 891 1635 930 es
1651 875 1791 945 Prospere
1801 878 1845 932 di·

212 980 266 1035 tiea
281 980 307 1035 in
317 977 497 1032 Viennensem
513 970 677 1042 prouinciam
691 974 820 1037 potestas,
832 965 881 1022 sed
892 964 1002 1020 omnino
1053 964 1164 1021 seimus.
1179 962 1217 1036 (a)
1229 962 1297 1019 Hinc
1311 972 1370 1020 orta
1386 974 1429 1020 est
1448 965 1482 1020 de
1496 964 1766 1038 semipelagianismo
1784 969 1847 1039 eius

212 1068 294 1138 buius
317 1064 458 1137 potestatis
474 1063 603 1118 exercitio
618 1059 784 1130 exspoliatus
807 1068 860 1127 est,
881 1056 1003 1112 traducto
1053 1055 1178 1125 questio,
1190 1054 1335 1109 leriuseuia
1348 1054 1469 1124 quidem,
1484 1056 1532 1112 scd
1543 1058 1614 1111 serio
1628 1072 1643 1111 a
1658 1059 1747 1113 doctis
1759 1060 1847 1114 etiam

216 1160 245 1215 in
270 1155 453 1213 convocandis
479 1153 646 1207 diversarum
673 1150 869 1220 prouinciarum
893 1148 1003 1220 synodis
1053 1145 1120 1202 riris
1136 1154 1266 1212 ructata,
1279 1154 1308 1200 et
1325 1145 1352 1200 iu
1375 1156 1427 1215 qua
1450 1147 1522 1203 idem
1544 1149 1706 1217 Quesuellus
1727 1156 1851 1221 gunter

213 1250 277 1321 jure
299 1250 327 1303 iu
351 1246 531 1314 antiquiorem
556 1242 713 1313 episcopum
740 1240 893 1297 Leontium.
917 1242 1006 1310 atque
1055 1237 1215 1294 allucinatus
1242 1246 1294 1292 est.
1324 1235 1366 1293 (ll.
1391 1235 1509 1293 ordinas
1536 1238 1564 1294 in
1586 1237 1656 1297 Dias.
1678 1240 1713 1295 de
1740 1240 1849 1297 Hilaris

215 1338 275 1395 bac
289 1338 398 1405 insuper
419 1332 552 1403 imperiali
574 1332 735 1386 auctoritate
748 1328 869 1384 roborari
885 1336 913 1383 et
924 1341 1006 1383 exse-
1056 1330 1153 1386 drelat.
1169 1344 1228 1401 cap.
1243 1329 1271 1399 d,
1287 1329 1319 1385 T.
1330 1328 1342 1384 i
1355 1345 1433 1402 pepp.
1451 1328 1531 1398 tait,
1545 1333 1591 1388 stt.

213 1429 316 1488 cationi
338 1423 462 1482 mandari
476 1424 531 1479 beo
542 1431 694 1488 curaverat,
711 1420 738 1476 in
752 1433 806 1490 quo
820 1419 909 1477 edicto
920 1418 1007 1489 impe·
1342 1420 1357 1495 l
1377 1420 1410 1479 li.
1430 1421 1548 1493 Scripta.

217 1530 337 1577 ntorum
363 1514 508 1571 'lireodosii
529 1521 557 1568 et
584 1512 765 1568 Valentiniani
789 1525 836 1578 ιιι,
857 1510 886 1567 d.
902 1510 919 1566 8
938 1508 1006 1576 lul,
1093 1511 1258 1577 Honoratus.
1269 1519 1312 1567 rel
1324 1511 1447 1581 quisquis
1460 1510 1542 1568 inerit
1553 1521 1647 1568 auctor
1657 1513 1728 1569 lita
1741 1514 1848 1584 Hilarii,

222 1607 412 1667 Valentiniano
423 1610 455 1661 Α.
476 1621 502 1661 rr
513 1614 539 1660 et
552 1604 638 1660 Nonio
652 1618 679 1659 r.
693 1620 719 1656 r.
737 1617 764 1658 e.
787 1616 859 1658 coss.
877 1604 920 1673 (a.
934 1600 1007 1669 bibl
1057 1604 1195 1674 maeotis
1202 1604 1505 1674 recensetrJusseripta:
1516 1604 1710 1662 Vitnnscilicet
1717 1606 1853 1662 Honorati

218 1697 348 1756 lateralia
356 1703 519 1767 praeceptum
531 1693 591 1759 luit,
599 1702 626 1748 at
635 1692 761 1762 episcopis
770 1689 912 1747 Gallicanis
924 1692 1009 1745 omni·
1059 1694 1192 1758 antistitis,
1200 1691 1327 1747 Hostilius
1333 1695 1359 1747 in
1366 1695 1442 1748 tutius
1448 1695 1509 1748 anni
1515 1696 1852 1767 festioitstes.Sumdoliea·

218 1788 318 1859 basque
332 1800 379 1855 pro
388 1783 444 1855 ispe
458 1791 534 1850 esset,
544 1781 668 1854 quidquid
680 1779 908 1852 apostolicaesedis
920 1790 1009 1833 aucto
1022 1766 1047 1826 Β
1059 1785 1220 1855 positionem,
1231 1783 1407 1855 Epistularum
1416 1800 1541 1856 magnum
1553 1801 1693 1842 numerum
1701 1795 1731 1842 et
1743 1786 1849 1842 Vesus.

219 1878 284 1932 sitos
296 1875 441 1931 roncum:
454 1875 492 1927 ito
511 1882 540 1927 st
559 1874 673 1943 quisquis
695 1873 873 1942 episcoporum
890 1872 924 1925 ad
935 1872 1009 1942 judi·
1060 1873 1100 1929 Hr
1115 1874 1157 1928 bis
1167 1885 1310 1943 supersunt
1321 1875 1399 1931 bodie
1409 1886 1482 1930 certa
1497 1884 1525 1931 et
1534 1882 1644 1947 pennino
1657 1877 1850 1933 solumunodo:

220 1971 289 2024 siuns
302 1970 550 2026 Homoni‘antistitis
565 1978 683 2025 euocatus
696 1971 782 2026 otnirs
795 1968 955 2039 coniecisset,
965 1982 1010 2033 per
1061 1966 1091 2021 1ο
1123 1962 1181 2019 tto
1209 1966 1291 2019 sancti
1320 1965 1450 2021 Honorati
1479 1965 1638 2022 hostensis
1665 1970 1804 2039 episcopi,
1824 1979 1853 2026 et

219 2062 409 2117 modestorum
418 2062 534 2133 ejusdem
544 2060 775 2132 prouineioeadesss
786 2066 927 2130 mannas.
938 2057 1012 2114 tibiis
1058 2057 1092 2112 2·
1107 2055 1226 2126 Epistola
1244 2058 1280 2111 od
1300 2056 1455 2111 [sederim
1473 2059 1622 2130 episcopum
1639 2057 1850 2129 deposuerim.

220 2149 339 2205 Hilarius
354 2165 407 2205 non
422 2150 507 2204 multu
523 2157 583 2220 post
596 2164 668 2205 arrno
681 2148 745 2206 tls.
985 2208 1006 2232 f
1062 2144 1251 2202 iuterridersnt
1266 2147 1381 2217 reliqua,
1397 2146 1449 2202 nisi
1464 2147 1533 2203 lorte
1547 2164 1581 2203 er
1594 2149 1714 2204 bomiliis
1728 2150 1851 2220 quadan

258 2242 372 2297 Diversa
387 2242 502 2297 maxime
517 2241 552 2297 de
564 2241 668 2297 Hilario
682 2241 797 2310 eiusque
809 2254 870 2296 eum
890 2238 1012 2295 Homauo
1063 2245 1165 2293 restent
1179 2237 1249 2291 inter
1262 2236 1449 2292 bonsilirssub
1464 2237 1574 2293 Eusebii
1591 2237 1716 2294 Emeseni
1730 2240 1775 2293 rel
1790 2238 1852 2295 Gal·

220 2333 351 2401 episcopo
365 2332 412 2387 lite
425 2330 605 2389 recentiorum
627 2331 790 2402 scriptorum
808 2341 871 2388 runt
891 2330 1011 2400 iudicia,
1063 2328 1143 2384 lirani
1164 2327 1273 2384 nomino
1287 2327 1420 2399 vulgatas.
1436 2328 1558 2386 oudinus
1579 2329 1697 2399 qudem,
1713 2330 1761 2399 qtri
1773 2331 1853 2385 unias

221 2431 303 2492 prout
323 2419 410 2491 magis
423 2421 546 2477 minusue
559 2421 666 2477 seilicet
689 2420 959 2477 Homanneuriailli
971 2421 1012 2475 la·
1063 2432 1158 2474 omues
1178 2418 1297 2475 auctoris
1319 2433 1381 2476 esse
1405 2419 1457 2476 sibi
1480 2430 1670 2490 persuaserat,
1684 2420 1797 2475 easdem
1819 2421 1852 2473 ad

224 2521 336 2579 serent,
353 2521 399 2567 aut
413 2512 511 2566 animis
524 2512 619 2566 ineam
634 2521 726 2568 essem
738 2513 940 2569 infensioribus.
958 2512 1013 2568 lla·
1064 2509 1193 2567 Hilarium
1210 2519 1333 2582 spectare
1345 2512 1409 2567 olim
1430 2512 1610 2579 existimabat,
1627 2521 1728 2582 prater
1742 2512 1796 2566 alia
1808 2525 1851 2565 ar·

221 2615 275 2671 gna
296 2615 361 2656 sane
387 2600 482 2656 Hilarii
506 2600 576 2671 apud
602 2616 696 2657 omnes
724 2611 873 2672 temporum
898 2601 1013 2658 istorum
1064 2602 1765 2671 ramentasecutusauetoritatesrr.dd.prasertim
1777 2601 1853 2657 Cura·

226 2690 346 2759 aquales
360 2689 409 2747 luit
423 2690 607 2757 existimarim
621 2691 726 2746 eximiis
737 2707 799 2749 aunt
812 2690 936 2748 laudibus
948 2684 1017 2747 con-'
1064 2688 1100 2744 dii
1113 2697 1140 2745 et
1152 2690 1256 2746 Hosani
1268 2690 1401 2758 editorum
1426 2691 1596 2759 Bibliothecae
1620 2691 1852 2757 Concionatosiat

222 2783 336 2840 decorat
345 2784 407 2839 ritas
420 2784 480 2853 eius
494 2783 610 2853 scriptor
632 2784 744 2856 ipseque
759 2784 815 2840 Leo
829 2783 864 2839 tt.
878 2792 1014 2840 mortuam
1064 2778 1113 2835 sed
1134 2793 1164 2834 re
1184 2780 1312 2835 attentius
1333 2796 1465 2852 perpensa
1486 2783 1608 2852 certauit,
1630 2782 1787 2837 uuHatenas
1808 2796 1854 2836 eas

222 2885 320 2931 sanae
334 2876 466 2931 mensoria
480 2891 574 2947 prporn
598 2885 688 2931 vocat.
711 2874 899 2946 superstitiosi
924 2876 1014 2946 itaque
1064 2867 1103 2923 iili
1115 2871 1260 2925 contenire
1275 2884 1373 2940 posse;
1398 2873 1482 2927 immo
1495 2873 1611 2927 auctoris
1630 2886 1693 2927 esse
1716 2872 1762 2941 oui
1779 2880 1853 2932 outo

223 2964 354 3021 Humana
367 2966 439 3022 sedis
449 2966 550 3037 jurium
564 2965 720 3022 delensores
742 2973 842 3037 negant
863 2965 943 3022 aliter
955 2966 1015 3022 bae
1065 2972 1127 3037 post
1146 2963 1288 3019 concilium
1303 2963 1629 3020 marcodunanetus
1644 2962 1855 3019 celebratumet
1961 3025 1962 3038 χ

222 3073 285 3114 cum
307 3058 357 3114 ista
372 3059 432 3128 eius
445 3072 513 3136 erga
532 3059 687 3128 pontificem
710 3060 862 3115 temeritate
874 3057 1014 3114 conciliari
1067 3057 1223 3111 damnatum
1238 3055 1377 3127 Eutychen
1395 3054 1557 3129 riseritis).

224 3163 315 3219 posse,
330 3148 382 3204 nisi
395 3150 468 3205 serio
483 3151 668 3220 penitentiam
684 3151 785 3222 egisset
802 3166 888 3223 eaque
907 3116 1053 3209 reniamG
1104 3148 1157 3204 Sed
1169 3148 1220 3205 boc
1233 3164 1286 3204 non
1300 3148 1430 3219 impedit,
1450 3162 1505 3217 quo
1518 3149 1607 3204 minus
1620 3162 1685 3204 sera
1703 3148 1756 3213 rit,
1773 3161 1855 3217 quan

223 3240 295 3312 apud
310 3241 387 3295 illum
408 3242 589 3310 impetrasset.
615 3243 716 3297 Contra
737 3246 936 3301 obtrectatores
960 3245 1016 3301 ilo·
1068 3239 1246 3295 consensius
1258 3249 1285 3296 et
1299 3240 1441 3308 uonpauci
1453 3253 1514 3295 euru
1534 3239 1630 3295 eodem
1642 3241 1694 3297 riri
1712 3237 1855 3293 doctiala·

226 3329 493 3384 manassetoritatis
504 3328 570 3386 nibil
586 3330 656 3386 aliud
671 3331 760 3400 egisse
773 3348 834 3388 eunt
848 3333 1015 3404 existimant,
1069 3338 1159 3398 erunt,
1174 3330 1318 3397 sententia,
1338 3330 1526 3386 collectionem
1539 3341 1683 3384 cetrsentes
1695 3343 1729 3382 er
1745 3327 1856 3381 dirersis

226 3435 307 3492 quam
321 3420 393 3491 quod
412 3419 541 3476 Ecclesia
562 3435 618 3476 sua
628 3421 734 3490 juribus
756 3422 878 3491 deberet,
901 3438 953 3480 nec
971 3424 1017 3495 jus
1069 3422 1233 3478 Arelatensis
1249 3425 1397 3492 praesertim
1411 3431 1438 3477 et
1451 3420 1638 3491 Lugdunensis
1659 3418 1855 3489 prouinciarum
1960 3397 1961 3424 ¹

224 3524 314 3566 causa
328 3510 388 3579 ejus
402 3508 532 3580 defuisse,
546 3524 596 3565 nec
603 3510 771 3580 prudentiam
781 3513 831 3581 ipsi
841 3514 869 3568 in
882 3514 1015 3570 eadelen·
1069 3520 1097 3567 et
1121 3511 1261 3567 civitatum
1286 3511 1521 3567 concionatoribus
1542 3509 1767 3579 deiectamque
1790 3509 1857 3563 iuter

226 3601 326 3659 denda.
350 3601 442 3667 Quint
467 3601 539 3671 quod
553 3602 735 3669 contendunt,
761 3603 891 3659 Hilarium
914 3606 1016 3662 nullam
1071 3602 1171 3659 multas
1192 3601 1304 3658 aliorum
1326 3601 1419 3657 Hilarii
1444 3616 1550 3672 qttoque
1565 3600 1711 3656 nonnullas
1734 3600 1859 3655 homilias

227 3694 306 3764 plane
318 3693 438 3764 episcopi
450 3692 565 3749 Humani
577 3696 604 3750 in
618 3695 741 3751 Ecclesia
750 3695 886 3753 Gallicana
899 3698 1004 3755 auctori
1070 3694 1232 3752 contineret.

226 3786 476 3857 monogamiam,
492 3795 633 3857 propterea
639 3786 769 3856 iudicium
783 3788 841 3859 eius
851 3789 1018 3848 detrectasse
1107 3785 1264 3841 inlinuntur
1285 3799 1369 3856 porro
1389 3784 1491 3840 Hilario
1502 3791 1620 3854 poemata
1636 3783 1767 3837 nonnulla
1782 3795 1860 3836 rersu

226 3884 255 3932 et
267 3887 358 3946 spreta
370 3875 430 3946 ejus
442 3877 577 3932 sententia
592 3875 626 3931 ad
646 3877 708 3933 ritae
725 3877 806 3934 duem
820 3893 904 3950 usque
917 3889 1018 3937 metro·
1071 3875 1228 3932 hexametro
1241 3874 1360 3945 condita,
1368 3875 1449 3930 relnti
1461 3872 1560 3929 Poeno
1572 3875 1603 3927 de
1613 3882 1709 3945 septen
1722 3868 1861 3926 Fratribus

227 3966 319 4037 politae
328 3966 389 4037 jura
402 3968 429 4021 in
443 3975 558 4037 utraque
567 3968 722 4024 exercuisse
734 3969 883 4038 provincia.
898 3970 955 4026 Hoc
966 3971 1018 4027 luit
1070 3968 1228 4026 unctores
1248 3969 1280 4023 al
1304 3968 1429 4024 Antiocho
1449 3967 1585 4040 Hpipirane
1604 3967 1767 4034 inanimus,
1788 3964 1862 4037 quod

228 4071 336 4127 quoque
357 4055 495 4112 Passioni
518 4056 650 4125 Quaneili
674 4058 817 4115 consilium
842 4060 869 4116 io
896 4062 1018 4134 apolopia
1070 4061 1137 4116 alias
1160 4062 1210 4116 sub
1231 4060 1357 4116 Victorini
1377 4061 1435 4129 diri
1460 4061 1570 4115 nomine
1591 4058 1759 4115 circumferri
1773 4060 1861 4125 solet:

228 4160 310 4218 quaro
329 4147 475 4204 occasione
495 4146 621 4204 editionis
644 4148 763 4219 Operum
786 4148 885 4206 Leoms
910 4150 946 4206 tt.
970 4167 1018 4222 pro
1071 4154 1179 4211 carmen
1193 4154 1225 4208 de
1237 4151 1401 4209 Prouidentia
1422 4151 1469 4208 Hei
1487 4160 1516 4208 ct
1528 4149 1638 4206 Cmrnen
1650 4151 1678 4206 in
1697 4150 1811 4204 Granis
1829 4151 1864 4205 sd

231 4237 334 4293 Hilario
358 4238 529 4309 conscripsit,
544 4239 571 4294 ia
592 4254 645 4310 qua
659 4254 713 4296 nou
728 4241 817 4296 miuus
831 4242 949 4313 episcopi
964 4241 1019 4298 ilo·
1071 4244 1183 4301 hortem
1197 4260 1301 4317 papam,
1314 4244 1348 4300 de
1357 4242 1455 4314 ouibus
1465 4241 1632 4299 eruditorum
1645 4242 1792 4297 sententiar
1805 4241 1864 4295 loa-

230 4329 303 4384 mani
327 4327 515 4384 auctoritatem
533 4329 659 4397 eierare,
681 4344 761 4401 quam
779 4329 874 4387 Hilarii
892 4342 968 4402 resta
986 4346 1019 4388 ac
1070 4337 1182 4408 pissima
1203 4335 1317 4391 inuicem
1337 4335 1447 4391 distant.
1468 4333 1597 4390 Codicum
1614 4333 1642 4388 iu
1665 4332 1708 4387 bis
1732 4331 1808 4387 nulla
1822 4339 1863 4387 est

228 4421 353 4488 rutulos,
370 4421 554 4479 tortitudinem
569 4423 672 4479 scilicet
687 4423 714 4479 in
727 4422 902 4481 deiendendis
921 4425 1017 4482 Eccle·
1071 4427 1229 4493 auctoritas,
1244 4427 1344 4498 qnippe
1366 4426 1395 4481 in
1412 4425 1682 4496 quibuseonstanter
1702 4423 1816 4478 tertiam
1829 4420 1862 4476 ad
1957 4433 1958 4436 ’

230 4512 279 4568 sita
291 4527 348 4569 sua
357 4513 475 4585 juribus,
491 4517 582 4571 mitem
593 4516 711 4571 animum
725 4524 754 4572 et
767 4517 841 4586 pacis
854 4517 1017 4587 studiosum,
1072 4517 1191 4575 Leonem
1205 4514 1332 4584 Carmen,
1355 4515 1462 4572 Hilario
1488 4514 1643 4570 Pictoriensi
1668 4512 1807 4579 tribuitur,
1820 4510 1861 4568 esi

231 4604 411 4659 eonsmotiam
425 4614 452 4661 et
464 4605 491 4660 in
506 4604 595 4661 oltieio
614 4620 663 4661 suo
677 4609 904 4676 perseverantiam
917 4591 1019 4664 'tonis
1072 4608 1144 4664 idem
1166 4614 1343 4664 asseruerunt
1364 4603 1418 4662 PH.
1437 4604 1552 4662 Haurini
1573 4605 1599 4660 ia
1614 4603 1734 4660 editione
1745 4603 1861 4671 open

230 4694 314 4750 minis
335 4694 524 4752 inconcussam
545 4696 677 4753 extollere
698 4698 799 4755 studet.
814 4697 868 4755 Sed
888 4699 1019 4771 quidquid
1073 4698 1169 4756 Hilarii
1186 4699 1275 4754 istius.
1286 4696 1409 4753 (ludinus
1421 4705 1511 4753 tamen
1526 4706 1638 4767 propter
1650 4694 1811 4750 eorumdem
1825 4703 1863 4747 aa·
1956 4679 1957 4716 ³

230 4785 279 4841 ille
299 4783 434 4855 disputet,
457 4785 629 4855 prudentiam
651 4802 707 4843 non
732 4803 842 4859 possum
865 4791 892 4845 in
917 4791 1020 4848 Hilario
1073 4790 1250 4857 stimonium,
1272 4788 1363 4845 nullus
1386 4786 1502 4855 dubitat,
1524 4788 1589 4858 quin
1603 4785 1773 4841 Arelatensis
1784 4796 1864 4838 seras

231 4889 391 4948 agnoscere,
403 4890 454 4941 nee
463 4876 573 4932 omnino
583 4877 668 4933 ulium
682 4893 715 4936 ex
728 4881 811 4952 restis
822 4880 882 4951 ejus
893 4891 1021 4938 constans
1073 4894 1169 4940 auctor
1182 4884 1217 4939 sit
1230 4882 1357 4938 carminis
1369 4884 1402 4938 de
1421 4878 1588 4945 Hestiaiotis,
1603 4878 1675 4933 sicut
1688 4877 1723 4932 de
1736 4877 1823 4930 altero
1835 4876 1865 4930 ds

230 4967 373 5024 consilium
387 4967 484 5024 elucet
506 4968 575 5038 Quin
590 4985 642 5026 nec
660 4984 704 5036 ea.
717 4972 815 5040 unibus
827 4973 948 5044 episcopi
964 4973 1020 5030 ilo·
1074 4973 1242 5031 Houidcntia
1262 4973 1358 5043 arripit
1381 4971 1542 5028 mntentiam
1560 4967 1674 5034 Norisii,
1688 4981 1723 5024 ex
1743 4965 1865 5037 resdriis
1956 4963 1957 4968 ’

231 5058 520 5128 manitunetenrporis
534 5060 561 5116 iu
574 5060 713 5118 Gallicana
726 5060 847 5118 Ecclesia
861 5073 1021 5134 potetatem
1075 5065 1358 5137 Semipelagianismi‚
1380 5079 1441 5136 aaa
1454 5063 1483 5120 in
1496 5077 1531 5119 eo
1544 5061 1595 5118 sibi
1608 5058 1815 5131 deprehendere
1828 5056 1865 5112 ri·
1955 5117 1956 5126 χ

231 5149 394 5217 manerius
405 5158 552 5221 oppugnat,
567 5149 603 5206 ita
617 5159 682 5208 suat
695 5162 868 5224 comparata,
881 5165 912 5211 ut
925 5170 978 5213 non
993 5158 1021 5215 iu
1076 5172 1124 5215 sus
1133 5165 1184 5218 est.
1197 5156 1300 5213 Hilario
1311 5154 1462 5212 Arelatensi
1474 5152 1541 5210 illud
1555 5150 1746 5223 adjudicantis.
1761 5148 1866 5219 Quippe

268 5349 307 5419 (al
319 5348 477 5434 anHpirtola
490 5350 524 5434 ad
534 5352 715 5434 donastinum,
727 5352 750 5409 ti
763 5355 844 5411 tectio
854 5365 939 5412 certa.
952 5355 1023 5412 Fue·
1074 5355 1202 5424 rembris,
1217 5354 1395 5424 combefisius,
1412 5354 1542 5416 Labicus.
1559 5351 1703 5434 Dapinr'tsr,
1725 5347 1864 5405 Tillenos·

234 5432 297 5496 rttnt
315 5436 386 5502 entur
408 5436 455 5502 qrtt
474 5421 566 5477 listsni
589 5437 688 5479 nomen
703 5423 730 5478 in
750 5438 784 5479 eo
799 5425 859 5480 loco
877 5436 1024 5483 censerent
1053 5429 1147 5494 ·tias,·
1162 5426 1210 5481 sed
1223 5428 1344 5482 omnium
1355 5425 1559 5496 diligentissime
1579 5432 1757 5494 questionem
1770 5418 1806 5474 dc
1819 5433 1866 5471 aa·

235 5489 736 5626 furino·litterani·
751 5495 907 5619 totitas·
1073 5493 1581 5623 statuttitttttltttti·
1594 5487 1864 5619 tomas

236 5621 329 5679 clrero
347 5582 1023 5713 rinutcsrscounrnsestau'a.tttnobiliumn
1073 5606 1159 5693 renos.
1229 5607 1237 5625 ⁴
1277 5584 1322 5623 ι’
1370 5607 1378 5623 ’
1478 5568 1500 5637 {⁸
1574 5603 1583 5620 ⁰
1626 5600 1633 5618 ⁸

236 5690 267 5748 la
280 5689 378 5747 Cornu.
394 5696 428 5750 sd
442 5696 653 5768 llortprolostant
668 5701 819 5760 llomauum
832 5704 866 5761 ad
882 5705 908 5762 d.
925 5705 1023 5763 idilo-
