4009 6184
224 281 269 339 nr
717 275 747 331 s.
769 266 1368 357 outusuuobouuusustssvrsoorr,
1797 292 1841 347 voe

255 397 309 451 lor.
325 393 393 463 Quid
408 390 614 461 intelligendum
636 399 678 446 est
697 388 733 448 do
751 391 803 447 boo
820 392 892 463 quod
913 392 1009 449 scribi·
1023 394 1048 456 Δ
1062 403 1103 450 est
1123 394 1204 453 bomo
1226 397 1381 456 Altissimus
1400 398 1444 468 nui
1471 397 1593 455 fundavit
1612 415 1684 458 eam.
1708 407 1742 461 Et
1757 418 1839 465 notan·

218 498 261 541 tur
272 505 278 541 :
291 479 642 547 Erpercurritmimicosruos
651 483 830 553 inposterioro
840 484 1006 558 (Pensavit,
1059 484 1124 540 dum
1136 487 1206 557 guod
1220 489 1302 544 etiam
1315 489 1385 544 ivlius
1399 489 1553 546 altissimus
1566 492 1731 561 appellatur.

217 577 249 633 oo
267 575 302 643 ll
1092 575 1148 631 1nt.
1165 579 1233 646 Quid
1257 580 1301 637 bie
1322 581 1526 650 intelligendum
1549 591 1606 646 est.
1630 584 1677 640 ubi
1694 587 1838 649 scribitur:

252 667 332 735 llesp.
357 663 510 720 Secundum
536 665 652 721 litterum
690 666 812 723 ulcerum
840 666 949 724 illorum
975 669 1004 725 llt
1056 663 1386 724 Factusrumsiourlromo
1401 670 1456 724 siue
1471 670 1679 742 adjutoriminter
1691 681 1839 735 mortuorli·

216 757 450 822 commemoratio,
465 755 564 826 quibus
580 764 645 812 sunt
656 755 794 827 bllupbyli
809 759 836 812 in
852 759 1004 830 posteriora
1056 755 1309 830 tartesiorum,
1325 760 1373 827 sta

213 849 344 920 percussi.
361 848 514 905 Secundum
530 849 686 906 interiorem
698 864 763 905 vero
778 859 888 906 sensum
904 865 1002 922 percu·
1091 849 1170 921 Rerp.
1185 849 1309 906 Christus
1332 852 1422 922 otique
1442 851 1513 908 inter
1536 861 1657 910 mortuos
1677 855 1750 914 liber
1762 876 1769 912 :
1783 862 1838 932 quia

213 947 317 1001 tiuntur
333 943 434 1000 inimici
446 946 493 1000 lici
505 944 530 999 in
545 945 707 1014 posteriora,
722 958 784 1000 cum
800 946 826 1000 in
841 945 1004 1017 Dominilu·
1053 936 1157 1009 olloooo
1172 948 1285 1006 ooocoto
1299 942 1370 997 inter
1385 953 1541 1010 peccatores
1555 946 1690 1014 apparuit.

211 1037 284 1092 uicto
299 1037 446 1105 puniuntur
455 1045 590 1091 extremo.
1088 1028 1144 1086 lut.
1167 1031 1233 1100 Qua
1247 1041 1289 1089 est
1304 1043 1375 1088 terra
1391 1033 1436 1089 illa
1451 1033 1596 1090 oblivionis
1610 1035 1644 1091 de
1657 1052 1710 1107 qua
1725 1037 1834 1095 dicitur:

246 1125 301 1182 lut.
325 1127 410 1196 erern
431 1126 567 1198 significat
590 1126 684 1183 dicens
707 1143 714 1180 τ
738 1125 924 1183 Eetnmtnonir
945 1145 1002 1184 mm
1053 1119 1188 1193 Numquid
1202 1134 1389 1196 cognoscentur
1409 1126 1434 1178 in
1461 1126 1570 1180 tenebris
1590 1127 1721 1181 mirabilia
1739 1137 1836 1197 tuo,ot

209 1231 272 1285 oper
295 1215 327 1270 do
347 1218 430 1282 silvo,
451 1226 475 1272 ιι
492 1216 632 1289 singularis
651 1215 723 1285 {erar
741 1217 862 1288 depastus
886 1227 925 1276 ost
943 1234 1001 1274 com
1046 1214 1153 1285 justitio
1167 1222 1212 1268 tuo
1223 1215 1252 1269 in
1266 1225 1335 1270 terro
1349 1214 1483 1270 oblivionis
1509 1215 1568 1287 (Pr.
1593 1219 1791 1288 urrxvrr,13)i

208 1306 270 1378 (Pr.
282 1319 372 1373 arsur,
387 1306 454 1380 lili
1086 1302 1166 1374 Rosp.
1180 1303 1345 1360 Rectissime
1363 1305 1513 1375 appellatur
1534 1305 1679 1362 oblivionis
1699 1319 1769 1362 terra
1789 1308 1833 1365 ior·

236 1387 322 1468 'licam
335 1397 437 1468 aprum
449 1397 494 1452 bic
506 1397 711 1467 Vespasianum,
728 1406 757 1453 ut
770 1397 880 1469 quidam
894 1399 996 1470 dimine,
1050 1391 1157 1462 piorum
1177 1408 1241 1450 caro
1260 1410 1275 1448 a
1298 1395 1412 1449 Domino
1426 1394 1567 1450 derelicta.
1591 1396 1624 1451 Ει
1638 1396 1740 1453 aliter:
1761 1397 1834 1455 Terra

206 1490 264 1545 sup,
278 1489 406 1561 gnpelpgr,
420 1490 465 1561 qui
478 1489 587 1546 audam
598 1490 672 1547 peno
686 1493 812 1547 negavit,
827 1492 997 1564 supponerem
1049 1484 1193 1541 oblivionis
1202 1486 1283 1541 etiam
1295 1485 1323 1540 in
1337 1486 1383 1541 illo
1395 1485 1480 1556 accipi
1494 1487 1663 1557 potestquod
1673 1488 1757 1544 dicit:
1773 1488 1833 1570 Quo

205 1579 304 1647 ferum,
319 1581 410 1636 Titum
426 1582 585 1652 Vespasiani
598 1581 693 1651 fllium,
705 1583 753 1652 qui
767 1582 938 1640 fliemsglem
949 1598 998 1655 pp.
1048 1575 1118 1628 triam
1130 1591 1181 1629 ttott
1203 1584 1240 1631 eet
1256 1575 1284 1630 t'rt
1298 1584 1379 1630 morte
1395 1578 1440 1645 qut'
1450 1591 1549 1631 memor
1563 1577 1596 1631 til
1611 1578 1650 1631 tui
1663 1594 1673 1630 .“
1686 1581 1714 1633 t‘n
1737 1580 1831 1650 inferno

203 1671 367 1740 pugnatione
377 1672 557 1741 consumpsit.
1049 1677 1134 1722 cutem
1145 1669 1202 1739 quis
1217 1668 1383 1736 confitebitur
1398 1669 1443 1724 tibi
1455 1668 1514 1740 (Pr.
1531 1685 1569 1736 rr,
1584 1669 1637 1740 ill

238 1759 294 1817 Im.
308 1762 437 1833 Legimus
450 1762 479 1818 iu
493 1759 598 1834 psalmo
606 1764 698 1835 (usn,
708 1763 752 1834 91:
766 1762 863 1834 lsrael,
878 1762 997 1821 doudior
1012 1758 1045 1820 Β·
1084 1755 1139 1814 Iut-
1161 1758 1303 1827 Quomodo
1315 1759 1445 1829 juventus
1464 1759 1562 1830 aquilae
1574 1769 1732 1829 renovatur,
1746 1776 1831 1818 secun

201 1867 252 1918 rae,
264 1853 376 1907 aonmit
388 1854 415 1906 in
430 1861 454 1907 te
474 1852 545 1909 Deos
557 1863 670 1911 ‘recense
685 1855 822 1927 quomodo
833 1857 907 1914 istud
925 1859 996 1915 ecci·
1046 1848 1110 1905 dum
1128 1849 1194 1906 illud
1216 1849 1287 1921 quod
1304 1851 1419 1921 legimus
1440 1868 1446 1902 :
1465 1849 1641 1904 lieoomlitur
1659 1851 1728 1906 sicut
1746 1853 1831 1923 aquilo

200 1942 327 2011 plenius?
1040 1943 1164 2011 juventus
1178 1948 1223 1995 tuo
1235 1940 1295 2014 (Pr.
1307 1956 1355 2010 cu,
1371 1939 1419 2013 ill

235 2032 315 2106 3339,
342 2033 417 2093 idola
444 2036 489 2093 vel
511 2035 709 2093 antiche-esrum
737 2038 909 2094 palpandum
932 2052 994 2095 eme
1080 2032 1161 2101 llcsp.
1176 2033 1279 2102 aquila
1293 2032 1420 2088 dicuntur
1440 2032 1466 2087 vi
1486 2032 1578 2087 nimiae
1597 2042 1716 2089 senectus
1739 2033 1831 2105 implu-

199 2129 369 2196 pl'ouuntiat.
392 2128 517 2186 Christus
535 2140 626 2187 autem
653 2132 723 2187 Deus
743 2141 839 2188 ωαξης
853 2148 907 2190 non
921 2141 991 2200 grat,
1044 2136 1102 2177 illes
1117 2122 1192 2188 fleti,
1208 2133 1235 2179 ei
1253 2122 1318 2178 nido
1337 2123 1432 2179 l'elbloe
1446 2123 1563 2178 vicissim
1588 2123 1668 2188 illinis
1683 2125 1740 2181 suis
1756 2128 1829 2181 mini·

198 2213 262 2272 licet
275 2218 375 2274 mundo
387 2234 437 2289 per
445 2235 556 2278 carnem
568 2224 669 2278 nostris
679 2225 849 2294 temporibus
861 2225 990 2281 illuxerit.
1043 2215 1192 2272 ollobllblss
1207 2216 1297 2285 pasci,
1314 2215 1400 2271 d⁰¹¹⁰⁰
1414 2214 1523 2270 (Ῑθῑθΐδθ
1544 2215 1613 2270 ὅθ’ῑῑῑ
1636 2225 1751 2272 V0¹0l¹l⁰
1765 2218 1829 2274 leel·

199 2305 271 2362 Nom
284 2311 311 2363 in
323 2310 452 2380 principio
466 2322 521 2368 aar
537 2314 608 2385 appe
622 2314 703 2370 opum
717 2315 785 2370 Πρω
799 2315 926 2383 Versum,
937 2318 992 2387 ep„
1042 2307 1120 2377 plant
1138 2322 1199 2363 cum
1220 2308 1316 2378 peanis
1331 2323 1408 2362 usunr
1427 2307 1545 2364 volandi.
1559 2307 1719 2365 Secundum
1735 2327 1829 2383 anago-

197 2415 288 2454 cremm
311 2400 441 2456 bominem
460 2402 495 2457 aa
513 2404 707 2458 similitudinem
730 2404 780 2459 Dei
801 2403 916 2477 (lnam
927 2448 935 2474 ‚
953 2412 989 2473 ¹3
1040 2413 1091 2468 geu
1105 2407 1200 2454 auteur·
1209 2399 1336 2468 juventus
1350 2407 1443 2454 nostra
1463 2399 1504 2454 vel
1521 2398 1654 2469 baptismo
1674 2401 1717 2456 vel
1743 2418 1829 2458 resur·
1854 2405 1856 2408 ’

197 2489 263 2546 Gen.
277 2507 303 2558 r,
317 2491 378 2564 26),
389 2494 490 2565 quique
504 2494 624 2551 diversis
645 2496 749 2553 vicibus
763 2507 843 2568 atquo
857 2500 989 2570 tempori·
1041 2491 1160 2548 lotliooo
1174 2501 1330 2570 rotovollo·

196 2581 246 2637 bus
264 2582 380 2639 auratos
400 2584 442 2640 vel
468 2586 590 2657 patribus
614 2589 715 2643 nostris
734 2602 843 2659 semper
864 2590 990 2660 apparuit
1075 2580 1130 2636 1¹²¹·
1151 2581 1283 2653 Adtollit.
1308 2583 1412 2652 innuit,
1437 2583 1503 2636 ‘5⁶¹²‘
1521 2581 1629 2652 pellium
1652 2584 1761 2637 amictos
1777 2590 1828 2654 mus

195 2670 274 2745 (Gen.
287 2689 364 2742 rvrrr,
382 2674 422 2746 l),
1039 2670 1099 2746 ter.
1113 2688 1168 2739 ιιιι,
1182 2674 1229 2744 bl:
1244 2672 1309 2744 quid
1323 2673 1367 2728 bic
1378 2672 1545 2742 sentiemurl

231 2761 286 2820 lot.
303 2764 614 2838 Qualiteraccipiendom
625 2768 742 2840 estquod
752 2771 986 2842 psalmusprnr,
1073 2767 1155 2836 Resp.
1170 2766 1229 2822 Non
1244 2766 1313 2823 bene
1327 2766 1447 2836 plerique
1463 2765 1629 2820 arbitrantur
1643 2765 1772 2836 abyssum
1788 2767 1828 2822 lic

94 2911 97 2918 ,
195 2853 222 2926 l)
235 2857 273 2911 ait
285 2875 292 2910 ι
306 2856 378 2913 Deus
390 2861 459 2914 stetit
470 2860 641 2932 inaguogogo
654 2861 785 2917 deumne?
1036 2859 1165 2915 amictum
1180 2857 1228 2914 Ilei
1249 2857 1394 2928 appellari,
1418 2872 1479 2912 cum
1495 2857 1585 2928 potins
1602 2858 1731 2912 amictum
1753 2869 1827 2915 terra

227 2945 306 3019 Hesp.
324 2946 426 3016 ldest,
444 2950 696 3021 incongregatione
715 2953 987 3020 sauctorum;bomi-
1036 2948 1090 3004 dici
1114 2949 1171 3019 ipsc
1192 2948 1363 3018 superiorum
1387 2961 1518 3003 versuum
1539 2947 1607 3003 ordo
1632 2947 1771 3014 declarat,
1796 2967 1827 3004 eo

192 3051 243 3093 nus
253 3047 344 3094 sutem
359 3047 452 3096 noster
465 3049 572 3096 sanctos
582 3055 647 3097 suos
660 3043 774 3114 utregni
785 3043 838 3110 sui,
854 3044 891 3100 ita
901 3046 984 3101 etiarn
1035 3041 1108 3110 quod
1123 3049 1194 3095 terra
1208 3040 1264 3109 ipsa
1279 3039 1377 3110 abysso
1392 3038 1470 3109 quasi
1483 3039 1599 3110 quodom
1613 3038 1697 3109 pallio
1710 3040 1827 3096 circunv-

191 3128 310 3183 nominis
336 3129 379 3184 sui
407 3128 614 3213 participatione
639 3132 760 3188 donarit.
787 3133 867 3189 Unrlo
892 3144 920 3190 et
951 3109 1023 3190 auc
1039 3128 1098 3185 loeo
1117 3119 1233 3185 veletur·

191 3214 399 3288 Moysendicit:
422 3217 489 3273 ortt
513 3227 538 3272 ιι
560 3219 723 3277 Plvuroouem
740 3223 769 3277 in
786 3222 867 3278 Deum
884 3225 985 3293 (Euroo.
1075 3219 1131 3273 Iul.
1156 3219 1297 3288 Quomodo
1319 3229 1391 3276 stant
1416 3234 1499 3290 super
1524 3230 1630 3275 rnontes
1651 3221 1750 3289 aquei
1764 3222 1825 3292 quia

191 3317 239 3372 vu,
253 3306 289 3378 l).
302 3306 505 3379 Compellantur
521 3324 586 3380 crgo
609 3311 721 3367 nomino
735 3312 795 3379 Ilei,
817 3314 879 3383 quia
893 3317 986 3385 appel·
1037 3314 1220 3381 scriptumest
1235 3329 1241 3365 ε
1257 3311 1344 3389 Super
1356 3321 1453 3366 arorites
1468 3315 1570 3365 erolum
1584 3312 1687 3382 opum?

191 3397 283 3455 lantur
296 3407 324 3456 et
339 3400 399 3456 Filii
414 3401 473 3457 liei.
489 3401 545 3458 Nec
563 3404 659 3458 mirum
675 3419 725 3475 pro
740 3404 784 3460 illa
800 3405 927 3463 ineffabili
943 3409 985 3464 vli-
1072 3402 1150 3472 Resp-
1175 3402 1274 3472 Utique
1291 3417 1351 3458 curu
1371 3410 1417 3456 aut
1439 3403 1524 3471 pilento
1537 3402 1615 3472 antris
1638 3401 1725 3458 nubes
1744 3420 1825 3473 super

191 3488 263 3545 vitra
276 3489 453 3561 benignitatis
472 3492 658 3563 indulgentia,
681 3494 705 3550 si
720 3495 836 3553 voluerit
853 3505 884 3553 ut
902 3499 984 3556 borno
1035 3504 1142 3550 moetos
1160 3493 1333 3564 detondent:
1349 3503 1396 3549 aut
1409 3509 1472 3550 outo
1485 3498 1510 3550 iu
1525 3494 1593 3549 morl
1607 3495 1688 3550 uodo
1702 3497 1736 3550 od
1748 3512 1825 3552 moo-

189 3579 378 3651 appelluretur
398 3580 484 3650 brus,
506 3597 566 3638 cunr
581 3584 652 3640 Deus
670 3585 821 3655 appellatus
835 3586 870 3643 sit
889 3587 981 3645 boruo.
1036 3588 1100 3642 tium
1116 3588 1201 3641 iuvetur
1215 3587 1380 3643 excitantur.

223 3671 280 3726 lot.
302 3672 371 3739 Quid
398 3672 443 3728 bic
467 3675 641 3732 sentiendum
661 3686 704 3732 est
724 3696 730 3732 :
754 3677 863 3734 iustitio
884 3691 909 3736 et
929 3698 982 3752 poe
1069 3676 1123 3732 lut.
1142 3677 1212 3745 Quid
1228 3677 1399 3732 sentiendum
1420 3687 1462 3733 est
1483 3679 1510 3732 in
1532 3678 1584 3734 boc
1597 3679 1672 3750 quod
1688 3681 1823 3751 leginrus:

189 3763 311 3818 orculotrc
323 3773 382 3818 sunt
396 3781 424 3820 se
435 3763 495 3837 (Pr.
512 3781 620 3836 urxxtv,
635 3766 700 3839 llll
1032 3766 1119 3821 Draco
1134 3768 1182 3822 ιἰιι
1198 3783 1273 3834 quem
1287 3767 1406 3838 formasti
1420 3767 1455 3821 ud
1472 3768 1634 3823 illudendum
1650 3775 1675 3825 el
1689 3770 1750 3844 (Pr.
1767 3789 1824 3838 cru,

224 3854 304 3924 Rerp.
317 3855 393 3922 Quod
409 3872 439 3912 sa
453 3857 497 3912 lea
514 3868 541 3913 ot
555 3860 642 3928 gratia
655 3858 847 3931 conjunxerint
859 3878 908 3934 per
922 3879 978 3920 me·
1031 3856 1101 3928 26ss
1236 3851 1238 3855 ’

188 3945 320 4004 illatorem
343 3948 484 4004 [lominum
506 3958 628 4007 nostrnm
649 3953 742 4010 terum
762 3954 914 4024 coriscum,
935 3960 979 4026 qm·
1066 3948 1144 4019 llerp.
1162 3948 1247 4004 Draco
1261 3950 1313 4006 iste
1334 3950 1457 4007 diabolus
1471 3960 1528 4013 est,
1546 3950 1594 4007 sed
1612 3961 1677 4007 ante
1693 3953 1823 4009 tornatus

187 4037 248 4105 [ecit
261 4046 370 4107 utroque
382 4055 461 4093 unum
474 4036 557 4111 (pr.
571 4056 601 4106 ιι,
618 4042 684 4112 llll
1029 4042 1190 4112 ebornino,
1204 4058 1286 4114 quant
1304 4044 1332 4098 in
1351 4059 1450 4099 uomcn
1473 4043 1574 4100 diaboli
1597 4045 1756 4100 voluntarios
1777 4062 1824 4100 nc-

223 4125 278 4182 lov.
292 4128 414 4195 Qualiter
432 4130 620 4201 accipiendum
633 4135 759 4204 estquod
774 4136 977 4206 legimuszbi-
1027 4131 1120 4204 quitis
1147 4135 1276 4189 transiret
1310 4135 1451 4189 instinctu.
1481 4134 1556 4191 burro
1576 4135 1706 4207 propbeta
1744 4137 1826 4195 isaias

187 4218 243 4291 tigit
256 4218 383 4274 Dominus
402 4222 584 4293 portuosior,
604 4237 683 4295 super
701 4227 787 4282 onmia
810 4229 976 4286 tuimvrueulu
1028 4226 1136 4296 itt,7)o
1168 4224 1289 4293 baliolis
1301 4224 1433 4280 desollbll
1448 4225 1535 4280 illudi·

186 4308 269 4363 tomo
284 4309 343 4382 (Pr.
361 4327 467 4378 ιιιιιι,
483 4312 531 4386 i).
1063 4313 1188 4383 lut.qu
1213 4316 1318 4371 ratione
1340 4315 1543 4386 intelligendum
1565 4317 1694 4385 estquod
1717 4317 1815 4372 scribi·

223 4398 301 4468 lleap.
317 4400 394 4469 Quod
408 4403 535 4459 Dominus
546 4407 710 4465 umbraculis
724 4423 866 4482 synagogae
880 4410 974 4469 Eccle-
1025 4416 1088 4463 tur:
1111 4407 1220 4462 Ferrum
1235 4409 1397 4479 patrousiuit
1412 4409 1525 4462 unimam
1538 4411 1593 4478 ejus
1605 4407 1664 4479 (Pr.
1679 4424 1734 4472 cuv,
1750 4408 1816 4477 lul?

186 4490 233 4546 sie
245 4493 410 4549 munimenta
426 4497 581 4564 praetulerit.
986 4477 1015 4539 D
1064 4500 1143 4572 Resp.
1158 4500 1281 4556 Christus
1301 4501 1345 4556 bic
1363 4500 1583 4556 manifestissime
1602 4500 1772 4569 designatur,
1785 4515 1817 4552 co

219 4579 274 4635 int.
292 4583 376 4638 ilotm
390 4586 454 4641 Sion
472 4588 539 4642 dicct
555 4588 646 4658 borno,
666 4600 690 4646 ιι
709 4592 785 4647 bomo
798 4597 883 4663 soclus
897 4605 934 4648 est
948 4595 975 4650 io
1026 4592 1097 4663 quood
1111 4594 1277 4665 resurgendo
1291 4594 1460 4663 affigentium
1471 4594 1612 4649 clavorum
1624 4594 1746 4647 dolorem
1758 4610 1816 4646 cro·

184 4689 226 4738 eo,
240 4682 265 4726 ιι
280 4676 333 4743 ipae
352 4677 468 4744 lundonii
484 4695 542 4733 coru
560 4680 706 4738 ditissimus
721 4684 779 4756 (Pe.
802 4700 911 4754 ιιιιιι,
926 4681 971 4757 5),
1024 4686 1178 4752 elatumque
1192 4687 1339 4755 superavit.
1355 4686 1448 4740 Potest
1463 4685 1507 4740 b3c
1521 4682 1624 4740 lerrum
1641 4693 1668 4738 ct
1679 4684 1814 4737 rrtbnlooo

183 4762 248 4833 quid
262 4763 306 4819 blc
318 4767 486 4833 seorvcmuri
1024 4775 1100 4829 dvrrae
1116 4776 1285 4834 necessitatis
1298 4775 1429 4845 intelligi,
1444 4776 1509 4845 quia
1522 4776 1640 4828 animam
1659 4773 1726 4829 dixit
1741 4791 1748 4828 ι
1764 4773 1812 4825 ali-

151 4851 153 4858 ’
218 4853 297 4925 areop.
309 4854 393 4910 blater
405 4857 487 4921 Sion,
503 4869 533 4914 ut
545 4861 652 4931 quidam
665 4863 775 4932 volunt,
788 4866 871 4921 biario
889 4868 971 4938 sigui-
1022 4864 1129 4933 quando
1142 4875 1231 4920 tamen
1247 4864 1337 4920 aoirna
1351 4864 1379 4919 in
1390 4862 1537 4933 scriptoris
1556 4877 1606 4932 pro
1619 4863 1746 4931 prasenti
1761 4862 1809 4914 vita

182 4946 287 5014 emron
303 4946 396 5017 inqua
412 4954 489 5004 natus
502 4961 545 5005 est
555 4951 636 5008 bomo
649 4952 789 5023 Christus,
801 4954 886 5025 ipsius
899 4972 968 5027 quo·
1021 4959 1182 5028 appellatur,
1206 4966 1236 5012 ut
1250 4957 1277 5013 in
1296 4955 1445 5027 Evangelio
1466 4971 1473 5008 :
1493 4953 1588 5009 Nonne
1602 4954 1691 5009 animo
1706 4954 1763 5026 plus
1774 4958 1810 5006 tol

180 5055 233 5109 prro
247 5041 341 5095 matris
354 5048 471 5096 creator.
487 5041 631 5100 Sciendum
650 5057 696 5103 est
711 5058 818 5116 tamen,
832 5049 929 5105 melius
941 5058 969 5106 et
1019 5065 1162 5121 quumercu
1175 5048 1282 5121 (Morti.
1298 5063 1337 5114 ιι,
1353 5047 1423 5117 bil?

179 5128 578 5190 secuudumllebraeumverios
592 5135 643 5192 dici
656 5153 664 5189 ι
677 5136 810 5209 Numquid
822 5140 886 5196 Sion
897 5141 968 5197 dicct
1055 5139 1109 5194 lut.
1125 5139 1195 5206 Quid
1210 5139 1280 5194 inter
1291 5138 1422 5208 psalmum
1437 5134 1608 5191 etcanticum
1618 5134 1750 5191 interestl
1778 5151 1784 5161 ·

180 5221 272 5290 bomo,
286 5233 313 5278 et
327 5222 409 5278 bomo
422 5233 501 5282 natus
515 5237 558 5283 est
571 5229 597 5284 in
610 5244 655 5296 ea,
666 5239 695 5285 ct
705 5230 763 5300 ipsc
773 5231 896 5287 lundavit
907 5237 967 5289 earn
1054 5231 1134 5300 llesp.
1151 5230 1228 5297 Quod
1253 5229 1348 5299 psalmi
1372 5242 1405 5282 ex
1429 5226 1560 5294 psalterio
1580 5225 1767 5296 appellantur,
1782 5228 1808 5274 at

179 5314 356 5371 altissimust
373 5316 407 5371 Et
419 5327 462 5372 est
482 5334 578 5374 sensus
592 5320 656 5376 bic:
672 5323 735 5391 quis
755 5323 806 5378 boc
828 5324 966 5381 bominum
1019 5335 1084 5376 vcro
1095 5322 1230 5375 coroticum
1243 5335 1276 5376 er
1292 5333 1359 5374 voce
1373 5316 1512 5387 protertur
1527 5333 1533 5368 :
1549 5315 1662 5386 eoquod
1677 5315 1806 5370 canticum

179 5406 305 5463 nuntiare
317 5408 419 5477 possiti
432 5410 509 5466 Siout
521 5420 548 5466 et
563 5411 627 5468 illud
641 5429 649 5470 :
664 5401 716 5467 Aut
731 5414 866 5470 broebium
879 5416 968 5472 Domi·
1020 5428 1070 5483 pro
1094 5412 1223 5477 scientia,
1246 5426 1295 5482 pro
1320 5425 1403 5481 opere
1429 5423 1496 5463 vero
1523 5408 1644 5478 psalmus
1669 5407 1803 5477 accipitur.

186 5498 214 5552 ni
224 5500 266 5554 oui
278 5501 415 5556 resolutum
431 5511 468 5557 ιιι
482 5501 559 5572 (lsai.
577 5520 637 5574 ιιιι,
655 5506 703 5576 ill
723 5506 795 5577 Ergo
810 5507 861 5563 boc
878 5508 964 5565 dicit:
1019 5504 1144 5562 Psalmus
1159 5519 1224 5575 ergo
1235 5504 1267 5559 ad
1278 5503 1424 5567 actualem,
1436 5501 1463 5556 id
1477 5509 1520 5557 est
1531 5499 1564 5555 ad
1580 5504 1714 5570 practicen
1727 5510 1803 5553 :cao-

176 5589 249 5660 quod
263 5592 350 5648 nullus
362 5594 499 5650 bominum
513 5598 537 5652 ei
553 5597 677 5653 nuntiare
688 5598 782 5668 possit,
798 5599 859 5669 quia
875 5600 965 5656 salve·
1018 5599 1100 5655 tirum
1114 5615 1179 5656 vcro
1196 5595 1228 5653 ad
1243 5594 1384 5664 theoriam,
1401 5594 1428 5649 irl
1440 5601 1493 5663 est,
1509 5591 1743 5662 contemplativum
1753 5601 1795 5641 rc·

177 5689 221 5738 tur
238 5677 305 5739 Sion
320 5682 347 5736 in
362 5685 469 5740 bomine
483 5687 527 5755 qui
543 5694 620 5743 uatus
635 5689 670 5745 sit
694 5689 721 5744 in
738 5704 780 5746 ca.
796 5691 855 5762 lpse
870 5701 962 5750 autem
1015 5694 1115 5748 tortor.
