4009 6184
979 375 1410 588 ussum

712 670 985 740 atiss1Ltttilsts
1006 665 1254 734 PRESBYTENI
1358 672 1360 676 ‘

286 837 420 985 ou
466 766 1227 982 INCARNATIONE
1273 821 1682 1019 curamur

475 1072 716 1159 consuo
742 1068 1096 1159 uusuosruor
1120 1024 1491 1150 aasumensi

768 1248 916 1322 Llssssl
953 1245 1194 1321 SEPTEM.

836 1470 850 1499 ¹
873 1459 1113 1582 praerato,

655 1648 698 1701 stt
714 1643 841 1699 tuonmt
859 1639 1001 1695 Rouana
1018 1639 1113 1692 liliiilS
1128 1639 1317 1693 Et‘tscoettrt.

200 1763 366 1823 bdissolutis
376 1760 480 1818 dadum
489 1758 675 1815 collationum
686 1754 849 1824 spiritalium
860 1748 961 1806 libeliis
974 1754 1000 1814 Α
1014 1756 1093 1818 portu
1108 1746 1209 1802 silentii
1228 1746 1382 1814 collocare,
1399 1755 1430 1803 ut
1446 1760 1615 1813 excusarem,
1630 1758 1761 1820 quantum
1778 1751 1808 1810 in

166 1870 247 1915 seusu
270 1855 359 1925 magis
382 1865 465 1924 quam
490 1863 620 1906 sermone
634 1842 883 1917 insignibustrpuis
905 1839 961 1897 alto
1012 1854 1057 1895 me
1067 1849 1150 1906 esset,
1164 1854 1214 1909 per
1224 1838 1419 1894 taciturnitatis
1431 1842 1624 1896 uerecundiam
1636 1842 1810 1913 loquacitatis

168 1957 324 2003 wiciorum
337 1945 462 2001 urorum
478 1941 571 1998 sensui
590 1954 683 1997 serora
702 1935 962 2008 nostruimperitiss
1013 1932 1167 1988 audaciam.
1193 1932 1247 1989 Sed
1275 1932 1363 1988 uicisti
1390 1933 1559 2003 propositum
1589 1949 1622 1990 ac
1643 1937 1808 1993 senientiam

166 2039 254 2108 impar
268 2035 344 2106 tuit),
357 2036 506 2105 cogitaram
523 2041 551 2089 et
569 2029 766 2103 propemodum
781 2039 794 2070 ⁸
809 2026 961 2085 constituc-
1014 2040 1102 2082 meant
1115 2024 1244 2081 laudabili
1257 2024 1348 2080 studio
1357 2014 1386 2080 et
1395 2024 1623 2094 imperiosissimo
1635 2026 1735 2084 silectu
1749 2038 1807 2097 tuo,

166 2129 401 2202 rumpentium
415 2126 532 2199 prodita
543 2125 658 2182 iussitire
672 2121 862 2196 putaremus
876 2134 921 2176 me
934 2119 962 2175 iu
1015 2117 1053 2172 mi
1067 2116 1123 2173 Leo
1138 2116 1295 2172 uenerande
1319 2114 1403 2189 [lips.
1423 2117 1452 2172 tn
1474 2134 1557 2191 mara.
1573 2120 1750 2195 renenadai,
1775 2136 1809 2179 sc

695 2237 824 2295 slsum
843 2234 961 2292 GAZAEI
977 2231 1266 2296 COMMENTARIUS„

209 2333 421 2390 temtationem
437 2334 507 2388 hanc
523 2331 599 2387 libris
610 2331 645 2388 de
660 2328 847 2385 incantatione
860 2326 960 2382 Christi
1014 2325 1199 2381 Nestorianam
1211 2322 1402 2397 errPeiapiana
1422 2336 1574 2399 propnetam
1585 2329 1733 2402 defensores
1754 2333 1807 2390 tta·

169 2424 183 2461 a
200 2407 330 2460 Cassiano
345 2407 494 2474 preeitxntn,
506 2413 601 2471 atque,
617 2403 703 2456 instar
713 2399 835 2469 epistola¹
858 2412 962 2453 nuncu·
1014 2397 1072 2452 itere
1085 2397 1112 2450 in
1124 2395 1283 2460 Occidente,
1299 2397 1343 2465 pai
1356 2394 1494 2465 Petaptani
1508 2401 1604 2454 erraris
1615 2418 1717 2472 queam
1730 2407 1807 2460 orado

169 2478 295 2549 periuria,
308 2475 391 2529 Leurri
404 2475 531 2528 llumauae
542 2483 605 2527 tunc
616 2471 745 2527 Ecclesia
758 2470 959 2533 archidiacono,
1013 2468 1126 2536 suspecti
1136 2466 1230 2520 redditi
1243 2477 1337 2533 essent,
1348 2482 1395 2539 per
1407 2483 1486 2521 unam
1499 2486 1533 2524 ea
1545 2470 1599 2524 ittis
1619 2473 1729 2528 calamit
1739 2477 1806 2531 sati·

172 2557 269 2617 postea
283 2560 388 2599 summo
404 2543 523 2611 pontiilci
543 2553 655 2607 creato,
671 2544 715 2613 qui
731 2540 866 2596 scribendi
882 2538 962 2608 irrrjus
1014 2539 1121 2593 dissime
1134 2536 1282 2592 Nestorium
1293 2539 1449 2607 cppupncri.
1468 2539 1581 2593 ilursum
1594 2559 1654 2597 cero
1672 2560 1704 2597 ne
1715 2548 1760 2614 qui
1779 2549 1807 2601 iu

174 2619 261 2686 operis
274 2618 298 2668 ei
312 2624 408 2668 artetur
421 2623 448 2669 et
462 2628 559 2667 suasor
573 2612 676 2679 iuerat,
694 2626 746 2665 uua
766 2626 827 2664 cum
843 2610 909 2678 ipsis
930 2609 963 2662 tt·
1016 2607 1153 2662 Occidente
1172 2608 1311 2687 articulum
1324 2607 1397 2660 ittum
1409 2609 1441 2663 de
1453 2610 1533 2663 litera
1546 2612 1653 2667 arbitrio
1668 2612 1807 2687 Priapiani

171 2687 228 2742 liris
240 2685 371 2741 directam
388 2698 421 2739 ac
432 2686 594 2738 destinatam
610 2682 695 2737 tuisse
718 2682 853 2751 colligitur
868 2696 901 2735 us
916 2694 962 2735 uc·
1015 2680 1111 2733 erraris
1122 2678 1225 2745 scriptis
1242 2678 1317 2731 editu
1329 2679 1454 2732 hactenus
1475 2680 1668 2749 defendissent,
1679 2684 1809 2808 ἔρρωτο

172 2755 227 2812 teri
237 2766 264 2810 et
277 2763 384 2818 recepta
397 2754 530 2808 Gentiadii
551 2755 703 2814 sententis,
717 2751 761 2806 ubi
780 2753 837 2807 trac
849 2750 883 2805 do
895 2748 962 2805 Cas·
1015 2749 1154 2819 deponatis,
1169 2748 1356 2800 censrrrrecturi
1365 2757 1449 2802 essem
1462 2765 1508 2816 pro
1522 2751 1671 2820 defensione
1708 2758 1807 2821 estcrii,

171 2827 249 2881 murno
263 2824 314 2897 (ee
335 2823 393 2879 Vir.
417 2823 506 2878 illust.
522 2838 545 2878 c.
560 2822 606 2892 til)
623 2840 629 2875 :
645 2824 686 2876 Aa
701 2834 842 2876 carrariam
855 2832 962 2890 rapatus
1016 2818 1172 2873 Cassianum
1186 2819 1212 2871 in
1225 2818 1323 2882 primis,
1339 2818 1383 2887 qui
1397 2833 1484 2873 carnes
1496 2822 1672 2889 antereiteiat,
1688 2823 1741 2879 Lra
1751 2827 1810 2881 dia·
1918 2874 1922 2881 .

170 2914 189 2950 a
201 2896 285 2950 tecta
297 2897 368 2952 eriis
383 2895 458 2949 Nam.
475 2892 684 2955 ›archidiaconm
708 2903 796 2973 pastea
820 2891 962 2971 episcopo,
1015 2903 1096 2972 canus
1110 2888 1247 2969 pruderrrsr
1258 2888 1360 2957 quidem
1373 2889 1513 2955 scriptione
1526 2907 1573 2974 sua
1587 2908 1653 2974 'mm
1667 2896 1746 2949 terreri
1761 2913 1808 2951 ua·

171 2958 963 3102 trtttttt‘tttirritiitiitttitttiti
1016 2958 1810 3102 iztttitttitrtttttttrististristis

172 3106 353 3175 cicendipincnt
363 3108 431 3174 tecit,
443 3103 588 3159 Titeadasia
598 3113 622 3157 et
637 3101 819 3158 Valentiniano
829 3101 962 3172 repuanti·
1017 3099 1182 3154 libentissime
1192 3096 1342 3164 Cassianus,
1353 3100 1563 3169 omniquestuttio
1572 3103 1598 3155 in
1608 3119 1673 3175 opus
1682 3105 1807 3177 incubuit,

173 3176 230 3231 ius.
248 3179 282 3231 iit
298 3190 389 3243 operm
405 3176 520 3246 pretium
537 3173 617 3230 suerit
629 3172 772 3229 annalium
790 3172 964 3228 Ecclesiasti-
979 3143 1002 3203 Β
1016 3168 1372 3240 ρηοιεαιεπὶηιιιωὴοειαῃ
1382 3186 1440 3222 ntor
1451 3167 1649 3241 Pelopianiturn
1658 3173 1810 3232 Nestoriarri

172 3262 268 3301 corum
284 3247 445 3315 scriptorem
464 3245 499 3301 de
520 3245 563 3300 iris
577 3245 682 3315 plenius
695 3255 723 3300 et
741 3244 893 3300 accinctius
913 3258 964 3296 au·
1015 3244 1174 3312 praestaret
1188 3242 1293 3304 effutit.
1309 3242 1457 3320 'uiciniam
1473 3239 1676 3321 Peiaaianorum
1692 3249 1809 3302 omniurn

173 3316 235 3372 dire
249 3317 438 3382 disserentem,
460 3330 511 3371 nec
531 3316 591 3371 sitis
603 3330 684 3386 quam
698 3314 755 3370 suis
776 3314 852 3370 ltisce
874 3313 965 3369 verbis
1017 3312 1203 3379 [crassissimus
1222 3309 1347 3381 &portus
1360 3312 1470 3381 perticis
1482 3310 1574 3366 lstimir
1586 3316 1651 3369 adeo
1665 3319 1751 3385 (aaut
1763 3319 1810 3371 de-

175 3386 264 3456 (Tarsi.
280 3385 311 3456 l)
333 3403 340 3439 :
357 3384 415 3440 liar
427 3387 561 3457 ipsouuna
576 3384 681 3458 (neorpe
694 3383 791 3441 Christi
803 3385 871 3450 tao,
883 3384 964 3439 Caie-
1015 3388 1133 3437 tutatus.
1150 3381 1357 3449 insuperautenr
1367 3382 1449 3451 potuit
1464 3383 1530 3436 ittud
1539 3385 1616 3438 etiarn
1629 3385 1811 3454 [ermenredi

174 3457 237 3509 stiru
247 3473 320 3528 papa
336 3457 454 3527 septimo)
475 3454 589 3511 ioannes
603 3457 741 3510 Cassianus
762 3457 860 3509 rncnits
872 3453 965 3509 Leonis
1017 3467 1045 3507 re
1058 3450 1151 3506 honis
1163 3453 1314 3514 consitium,
1328 3459 1354 3504 ut
1368 3450 1553 3512 pertaannem
1571 3451 1725 3510 Cassianum
1739 3457 1809 3512 Con·

175 3526 300 3581 Romana
313 3524 627 3591 Ecstesiesarcttidiaccni,
637 3526 759 3588 aduersus
771 3525 920 3580 Nestorium
932 3525 966 3579 dc
1015 3522 1251 3585 stantinapolitana
1270 3521 1333 3577 otim
1349 3519 1471 3576 Ecclesia
1493 3523 1644 3591 diaconam,
1662 3525 1810 3582 Constanti-

176 3593 360 3651 lncurnatione
377 3594 451 3650 i'erii
463 3613 490 3650 se
509 3607 557 3650 tesn
571 3598 651 3652 tidros
671 3597 886 3653 luculentissimos
909 3597 966 3648 edi·
1017 3592 1168 3661 napolitano
1192 3593 1371 3646 admoueretur
1393 3591 1509 3647 Ecclesia
1530 3595 1611 3650 uitare
1636 3595 1809 3664 Nestorium,-

176 3668 226 3718 dit.
240 3664 303 3720 Cum
313 3668 380 3720 enim
391 3668 461 3735 ipsos
472 3614 507 3720 ai
517 3682 547 3719 eo
561 3667 671 3738 scriptas
681 3676 788 3733 constet,
803 3668 866 3721 dum
880 3666 966 3719 adtruc
1017 3671 1045 3716 ut
1059 3664 1128 3717 enirn
1137 3663 1165 3717 id
1180 3664 1257 3716 etiarn
1267 3661 1370 3729 opinari
1379 3662 1685 3739 pruinae.'apostropts
1696 3668 1744 3724 itta
1756 3669 1811 3723 Aa·

177 3735 316 3790 Nestorius
326 3736 425 3790 sederet
440 3735 668 3807 Constantinopoli,
683 3752 759 3806 quem
773 3738 884 3808 sequenti
897 3749 966 3790 anno
1017 3734 1095 3786 cruris
1110 3734 1145 3788 ad
1159 3732 1238 3802 fiuent
1252 3732 1337 3804 operis
1349 3734 1475 3786 collocata
1489 3735 1565 3802 tacite
1583 3739 1736 3808 persuadet,
1750 3756 1810 3794 curn

175 3813 205 3860 in
217 3807 324 3859 concilia
338 3804 469 3869 Epinesinc
485 3806 825 3873 iiauetesedcdepcsitum.
841 3816 866 3861 et
880 3806 967 3860 tiaei-
1018 3804 1121 3857 demum
1140 3812 1198 3875 post
1214 3803 1269 3856 alia
1286 3804 1413 3925 eiusmodi
1426 3802 1577 3858 Nestorium
1596 3808 1711 3877 ecapitat
1735 3810 1810 3863 irrue·

174 3873 702 3949 mianumrnejustocumsutroparamau
748 3877 967 3948 uenuitainsuper
1018 3872 1288 3939 stipulacione
1312 3875 1810 3944 meatqueimpudeutissimeproestare

177 3945 256 3997 iuris
277 3949 308 4000 rte
323 3944 454 4014 Ephesius
473 3950 584 4001 concilia
608 3960 703 4002 mentre
745 3950 864 4011 adeatur,
891 3949 967 4017 cujus
1018 3944 1306 4007 urbiscantaminator,
1325 3943 1497 3998 catttoticteet
1516 3946 1702 4013 sunctoepteiis
1724 3951 1810 4019 prauis

177 4018 320 4069 necesaria
341 4016 485 4070 meminisse
502 4017 632 4084 aportuit,
647 4019 726 4085 piane
741 4025 800 4071 ante
811 4014 967 4086 Ephesinrsm
1018 4024 1041 4068 et
1052 4013 1161 4069 exitiosa
1170 4011 1301 4082 cantapia,
1316 4021 1386 4065 stare
1407 4013 1434 4065 in
1449 4011 1564 4067 Ecclesia
1578 4014 1626 4069 liet
1644 4027 1666 4071 et
1676 4018 1747 4088 loqui
1760 4036 1811 4073 au·

177 4086 317 4138 cancitium
326 4085 565 4155 damnationemque
581 4085 696 4140 Nestorii
709 4102 753 4140 eos
767 4086 799 4140 ab
811 4087 867 4157 ipso
888 4086 969 4155 tuisse
1019 4083 1080 4150 des,
1098 4093 1122 4137 et
1136 4083 1290 4149 itasptreuis
1304 4098 1335 4136 ac
1350 4082 1457 4153 furiosis
1475 4086 1578 4139 soritas
1591 4088 1642 4141 tuis
1661 4089 1809 4144 sacerdotes

177 4152 351 4219 eiuruiratos,
361 4156 446 4209 dicere
455 4171 554 4210 necesse
569 4167 615 4215 est.
631 4166 653 4209 et
664 4155 776 4223 itocipsc
788 4156 887 4223 quidem
899 4171 967 4208 anua
1018 4169 1119 4222 semper
1131 4154 1221 4208 itiresoe
1233 4152 1294 4214 fidei
1306 4161 1329 4207 et
1347 4151 1486 4207 catdaticre
1497 4156 1667 4224 ccrrtessicnis
1685 4160 1809 4225 intumas,

176 4238 231 4292 quo
247 4225 287 4291 (art
297 4224 417 4294 uidimus)
431 4223 535 4280 iaceresis
550 4224 664 4280 Nestorii
674 4226 751 4297 pians
763 4226 873 4279 inuoluit
894 4224 969 4279 Occi·
1020 4227 1201 4297 ntuffltrorum
1214 4224 1330 4289 priorum
1340 4224 1400 4278 cilio
1410 4223 1508 4295 pteiem
1518 4223 1810 4298 Constantinopolitano

178 4294 278 4347 dentati
300 4293 437 4362 Ecciesr'a,·
452 4306 511 4351 ante
524 4305 611 4349 autem
628 4298 727 4350 rmurri
747 4304 847 4354 mittum
864 4296 969 4364 cuidant
1021 4293 1098 4351 Ueiis
1120 4309 1208 4349 errare
1223 4291 1356 4353 (Cassian.
1369 4294 1403 4348 de
1416 4293 1506 4349 irtear.
1536 4293 1612 4350 Verbi
1628 4297 1675 4351 tit.
1691 4297 1762 4370 urii
1775 4300 1811 4356 Et

177 4365 214 4417 de
230 4378 261 4414 ea
272 4368 424 4436 pertimeant
444 4381 503 4419 aras
527 4365 713 4421 Occidentsies.
729 4366 783 4421 Sed
795 4382 840 4420 cur
854 4367 863 4434 (
876 4368 969 4421 dicerit
1019 4377 1118 4421 caetera
1133 4380 1194 4435 atrae
1207 4363 1340 4419 habentur
1361 4365 1389 4420 in
1412 4365 1466 4419 lino
1490 4365 1550 4419 liltri
1564 4366 1682 4434 septimi,
1705 4380 1810 4438 quisset

176 4434 286 4503 aticum
295 4451 340 4505 per
352 4436 504 4490 Cassianum
514 4435 567 4497 Lep
577 4436 775 4490 arcttdiaccnus
786 4436 836 4491 ista
850 4435 969 4509 prestari
1020 4435 1125 4505 integre
1139 4435 1237 4490 recitat
1250 4435 1392 4489 Barouius.
1414 4435 1451 4488 iix
1468 4449 1520 4503 quo
1534 4451 1585 4499 oua
1600 4437 1705 4492 ratione
1719 4454 1811 4510 quisve

176 4506 268 4565 sciuit,
284 4521 342 4559 cuns
355 4506 411 4574 ipse
424 4504 477 4561 Leo
491 4517 515 4560 et
528 4507 730 4573 eruditissimus,
746 4516 770 4560 ct
782 4522 861 4569 auam
870 4507 1004 4578 seticis-c
1020 4507 1163 4561 occasione
1186 4505 1333 4559 Cassianus
1356 4505 1389 4558 ad
1413 4504 1571 4560 scribendos
1593 4505 1678 4564 hosce
1696 4507 1811 4569 libross

176 4575 244 4627 sime
261 4574 288 4627 id
307 4574 425 4630 centnm
442 4576 578 4640 ualuisset,
594 4591 652 4629 cuns
674 4579 813 4644 prasertim
827 4576 969 4633 Cmsianss
1020 4575 1112 4634 Leutm
1125 4575 1208 4632 tueris
1220 4575 1363 4644 impulsus,
1378 4574 1508 4630 hactenus
1524 4576 1680 4634 didicimus.

176 4642 300 4698 dedidere
312 4640 418 4699 arbitrio
431 4647 500 4699 tana
513 4648 701 4709 restarentire,
713 4646 759 4702 sed
771 4663 829 4701 cum
845 4647 968 4718 Peiapia·
1057 4645 1071 4685 b
1093 4646 1166 4701 Satis
1179 4646 1289 4701 euidens
1302 4655 1345 4702 est
1358 4661 1390 4699 ex
1406 4645 1458 4701 luc
1473 4647 1532 4701 ioco
1552 4646 1684 4705 ioannem
1704 4649 1806 4710 Caesis·

176 4713 220 4766 nis
232 4715 331 4777 alicuid
344 4715 586 4771 tarnerammsne
599 4717 675 4771 editis
690 4716 862 4772 Cattaricnunt
876 4718 967 4787 titris,
1021 4732 1095 4782 num,
1111 4724 1255 4785 antequam
1266 4714 1302 4771 ad
1312 4715 1489 4781 scriptionem
1505 4716 1599 4772 trorum
1614 4719 1745 4775 librorum
1753 4738 1809 4776 ma·

175 4783 356 4840 innututmtt
378 4785 441 4841 Post
467 4788 663 4854 scriptascript
685 4786 840 4842 Cotiutiones
861 4789 966 4857 ipsum,
1022 4803 1085 4843 num
1107 4787 1281 4855 admoneret,
1294 4785 1452 4857 Iamdudum
1474 4787 1624 4845 absolvisse
1639 4790 1724 4845 libros
1746 4790 1810 4847 cot·

176 4852 285 4908 samma
301 4854 405 4921 Leonis,
418 4854 580 4911 decantasse
594 4859 803 4913 commentarium
816 4858 892 4913 ittam
906 4874 968 4913 con·
1019 4858 1166 4924 iuuenum,
1179 4865 1209 4912 ut
1231 4866 1304 4913 recte
1326 4857 1431 4926 colligit
1456 4856 1587 4915 Baronius
1610 4858 1669 4916 istis
1685 4857 1810 4918 Cassiani

176 4932 221 4977 tra
235 4923 395 4988 Nestorium.
409 4927 503 4995 ipsein
516 4929 599 4999 aperta
613 4928 765 5000 praefatione
777 4936 906 4983 testatur:
925 4928 967 4984 tt
1018 4929 1110 4984 verbis
1124 4928 1152 4983 in
1165 4926 1283 4983 medium
1297 4926 1421 4984 adductis
1437 4943 1445 4983 :
1461 4927 1504 4983 Es
1515 4928 1616 4997 quitus,
1636 4929 1735 5000 lupuit,
1748 4949 1810 5001 pos·
1837 4922 1851 4943 ⁴

175 4990 236 5046 daec
245 4995 350 5064 mrtem
363 4996 431 5051 iliud
443 4998 471 5051 in
483 4998 574 5067 primis
587 5000 769 5054 dicendumest
781 4996 931 5055 Cassianum
941 5007 967 5054 et
1018 5013 1107 5055 semus
1127 4996 1270 5069 inteltipere
1285 4998 1369 5069 ipsum
1392 5013 1462 5052 anna
1475 5000 1601 5071 superiori
1618 4998 1694 5070 (tii)
1711 5004 1750 5056 ret
1764 5004 1810 5074 qui

176 5060 245 5116 atros
256 5067 301 5135 atri
310 5066 358 5118 soe
372 5074 485 5135 ternpore
499 5068 531 5123 S.
546 5069 685 5139 departiri
699 5071 796 5142 scripta
813 5069 967 5138 tmperaret,
1018 5085 1075 5125 eunt
1089 5069 1222 5141 precedit,
1237 5069 1286 5124 nisi
1300 5069 1367 5139 {arte
1377 5066 1427 5124 itas
1438 5071 1506 5140 ipso,
1529 5070 1631 5124 easdern
1650 5067 1809 5129 Coiiutianes

179 5129 288 5188 tastu
301 5132 403 5208 earet
416 5138 611 5208 mercatorem
622 5143 751 5262 prolatos
772 5154 842 5204 esse,·
865 5140 925 5203 sed,
939 5150 969 5196 at
1018 5139 1166 5193 aisctetsse.
1179 5137 1237 5193 iioc
1262 5139 1344 5208 igitur
1363 5150 1517 5195 currentium
1538 5139 1660 5194 Cassiani
1675 5152 1764 5210 opus,
1780 5153 1809 5199 et

178 5203 274 5270 sapius
296 5200 410 5276 Prosper
421 5210 473 5268 ait.
493 5216 517 5262 et
529 5208 645 5264 indicant

178 5275 253 5323 snaut
267 5276 394 5341 pontilicis
405 5277 440 5331 ad
453 5277 554 5344 tiatira,
573 5287 603 5332 ur
616 5278 735 5333 coronet
750 5278 916 5335 sarciantur
925 5281 969 5334 in·
1019 5281 1100 5335 etiarn
1112 5279 1264 5342 Gennadio.
1279 5278 1324 5350 qui
1337 5280 1375 5336 sit
1385 5279 1412 5335 io
1427 5280 1470 5335 itis
1482 5279 1559 5336 libris
1570 5278 1721 5338 scribendis
1734 5283 1807 5356 apird

176 5349 221 5394 ter
231 5342 379 5413 mindens,
391 5356 416 5404 st
427 5346 582 5419 Petapiancr
594 5364 622 5404 sc
637 5351 761 5403 manare
779 5363 888 5416 errores,
902 5359 928 5404 et
940 5351 968 5404 in
1009 5348 1276 5407 ¹tiessiliarorirendi
1289 5351 1368 5406 tluem
1379 5348 1486 5406 iecisse.

174 5424 224 5465 m
235 5412 589 5494 destameprcuteretranr.
600 5418 676 5487 praed
680 5430 701 5473 et
713 5419 825 5473 uidemus
837 5420 869 5473 ut
878 5420 968 5475 rodem
1056 5431 1068 5461 ι
1082 5421 1129 5478 Sic
1142 5421 1215 5477 euim
1229 5421 1328 5492 ipsein
1343 5432 1464 5477 extrema
1476 5417 1587 5490 periodo
1600 5420 1753 5479 rotationis
1768 5425 1809 5480 ri·

175 5476 305 5537 Casuum
321 5496 406 5543 ectum
416 5488 443 5543 in
454 5490 494 5543 tis
505 5489 570 5559 ipris
582 5488 656 5545 titris
667 5505 731 5561 quas
741 5488 774 5543 de
784 5488 968 5545 incarnatione
980 5520 1008 5582 D
1018 5492 1129 5562 pesimsc
1140 5500 1243 5561 quartas
1255 5491 1392 5562 protessus
1414 5490 1518 5546 tuerat:
1535 5489 1659 5555 Superat
1670 5502 1699 5548 st
1712 5508 1752 5551 nte
1763 5509 1808 5565 pe·

180 5548 260 5608 Verit
319 5572 404 5613 sersus
426 5555 578 5615 Nestorium
603 5561 722 5633 scripsit,
743 5559 806 5614 dum
822 5559 968 5631 frequenter
1018 5560 1203 5619 dedasusima
1218 5561 1341 5617 tacunus
1356 5568 1504 5631 tempestate
1519 5571 1666 5645 pactarum.
1689 5576 1759 5619 uuna
1772 5563 1809 5618 ad

175 5626 302 5679 exclamat
314 5625 467 5683 Nestorium
475 5631 586 5695 tpssms
596 5629 745 5705 Pelopiarris
755 5646 810 5685 esse
821 5640 966 5685 mutuatum
1019 5633 1175 5688 tutissimum
1187 5631 1284 5689 silentii
1297 5639 1400 5704 portast
1417 5631 1543 5701 spirltctrs
1553 5634 1698 5689 orationum
1713 5644 1809 5691 uestra·

175 5706 298 5774 ararem
320 5696 416 5752 decisis
434 5698 529 5767 ipitsr,
554 5698 603 5754 itac
623 5717 656 5756 ea
669 5708 760 5771 parta,
776 5700 842 5755 ittera
865 5701 966 5756 uidetur
1018 5702 1306 5760 rumauraconritetsr.

175 5761 259 5833 {eruc
270 5767 416 5834 consitium,
431 5776 459 5821 ut
471 5770 675 5840 neumnarentrrr
691 5770 835 5830 orientales
848 5771 967 5829 tarnim

315 5859 454 5925 Psaros.
476 5860 512 5923 L.
1211 5918 1213 5921 .
1611 5853 1626 5923 i

116 5984 248 6160 mliv

676 5213 757 5264 ittam
770 5209 898 5264 celestini
915 5207 969 5265 lto·
1018 5220 1173 5280 postremus
1189 5209 1249 5278 elus
1267 5208 1370 5279 ingenii
1392 5219 1486 5278 partus
1504 5208 1634 5265 dicendus
1650 5217 1710 5277 est,
1736 5219 1808 5269 teste
