4009 6184
159 325 227 388 tots
661 317 903 377 contradidisti
921 318 957 376 ΙΝ
976 319 1142 379 deuastat.
1160 321 1225 379 utu.
1245 320 1291 379 ΙΙΙ.
1725 321 1793 379 illi

156 438 232 494 relat
244 433 403 508 quibusdam
415 429 553 489 charitatis
566 429 677 487 uinculis
690 432 849 488 tenebantur
860 431 945 487 astri·
960 437 983 497 Α
997 441 1107 488 restrum
1120 449 1199 488 unum
1213 432 1332 488 dimittite
1343 431 1413 505 apud
1428 447 1486 498 rue,
1509 438 1534 486 et
1558 431 1656 488 etiamn
1677 433 1794 493 anatem

156 511 215 575 cti,
239 520 302 562 narn
326 502 462 575 quomodo
483 512 511 559 et
524 502 568 557 illc
582 509 712 557 renturns
726 511 808 567 esset,
833 502 884 557 nisi
912 500 946 557 ed
999 505 1089 557 restris
1106 503 1250 557 necessaria
1263 502 1365 566 sumite,
1381 513 1403 557 et
1418 502 1484 557 abite
1495 517 1505 554 .·
1517 504 1672 573 fratremque
1685 511 1794 560 restrum

156 593 221 634 enm
235 573 421 631 addrrcendnrn
434 573 518 642 aliqui
530 569 685 627 redissent?
697 571 749 626 Sed
763 570 833 641 quod
855 572 948 641 sequi·
999 573 1134 626 minimum
1146 572 1267 627 adducite
1282 573 1316 626 ad
1338 589 1397 638 me,
1423 579 1450 625 ut
1474 571 1552 624 seiam
1572 573 1643 643 quod
1663 589 1715 627 uon
1738 575 1794 631 sitis

158 658 204 703 tur
225 647 310 715 maqis
332 653 408 713 urqet
431 641 625 712 qaaestionem.
647 655 708 695 eum
721 642 817 695 iterum
829 640 949 709 iurarit,
1000 643 1191 710 exploratores,
1215 652 1239 696 et
1260 643 1336 696 iatum
1356 643 1400 709 qui
1414 641 1550 695 teneturiu
1563 642 1671 697 rirrcollr
1684 643 1795 710 recipere

157 718 272 772 dicens:
288 713 382 768 llittite
398 727 478 766 uuum
493 709 602 775 ιιοιίι,
614 718 637 763 et
650 710 770 763 adducite
784 713 889 782 q'ratrent
909 727 951 765 re·
1000 711 1114 782 possitir,
1128 727 1159 766 ae
1173 711 1291 778 deinceps
1306 712 1406 767 carendi
1418 725 1474 780 quo·
1487 711 1563 765 multia
1584 709 1697 766 babeatis
1712 714 1793 768 liaeu-

157 797 317 841 atrumcoot
331 792 416 837 aarum
429 781 499 836 eritis
521 780 549 833 iu
570 779 689 843 ιίιιιιιιίι,
714 780 794 833 donec
813 779 951 850 probemur
1001 781 1073 835 tiarrt·
1097 779 1149 836 llis
1170 781 1246 835 dictis
1267 798 1324 835 cum
1345 784 1476 851 [tumenta
1497 778 1676 848 effunderent,
1701 783 1795 856 tiuqrrli

158 871 217 924 qum
238 853 358 914 dixistis,
378 864 462 905 utrum
482 865 556 915 uera,
570 865 604 902 au
618 849 684 920 salso
695 850 746 903 tint
756 864 767 903 .·
778 849 892 919 alioqatrr
906 864 951 918 per
1001 860 1148 921 repereram
1161 851 1187 904 iu
1202 866 1245 905 ore
1258 867 1388 905 caecorum
1403 848 1496 921 liqatos
1510 852 1640 918 meoniae,
1659 851 1797 910 Dederunt

160 925 269 978 salutem
281 921 428 976 Plraraauir
445 920 619 989 exploratores
635 919 704 973 estis.
724 917 791 973 lluic
810 920 952 974 sententiae
1002 920 1112 986 quidem
1125 919 1163 975 illi
1179 920 1328 988 pecuniam,
1343 919 1390 975 sed
1405 918 1521 987 loseplr,
1536 920 1562 974 id
1586 931 1647 983 est,
1673 918 1797 979 Christus

161 992 324 1063 interposuit
335 990 507 1060 jurationem,
522 988 583 1057 qnia
598 987 621 1040 si
636 1002 699 1042 reru
722 1002 775 1043 non
799 986 950 1050 dixissent,
1004 988 1133 1043 Dominus
1151 990 1268 1043 triticum
1289 990 1380 1052 dedit,
1402 998 1430 1044 et
1452 998 1590 1057 argentum
1608 988 1720 1046 tribuit:
1734 993 1797 1062 qula

161 1063 347 1131 exploratores
358 1067 466 1114 essent:
480 1058 506 1113 id
517 1065 569 1120 est,
579 1055 779 1123 exploratorum
789 1071 868 1126 prena
878 1058 951 1126 digni
1003 1072 1057 1112 nnn
1072 1069 1188 1126 arpenta
1198 1059 1296 1114 emitur
1310 1059 1443 1118 Cin-istus.
1457 1059 1505 1112 sed
1528 1061 1625 1128 qratia.
1647 1060 1794 1129 Sequitur:

160 1140 273 1187 essent:
289 1144 356 1199 quos
371 1137 460 1183 tamen
474 1140 538 1181 tera
559 1125 649 1181 dicere
671 1125 793 1189 sciebat,
817 1134 953 1195 tamquam
1040 1125 1135 1193 (lars.
1152 1127 1210 1194 dd.)
1225 1127 1390 1181 Diuitiaene
1405 1128 1466 1196 filiis
1489 1129 1565 1182 ruia:
1589 1126 1689 1195 dieque
1711 1130 1798 1185 liberio

161 1203 185 1256 si
201 1200 301 1256 dictum
316 1208 409 1255 esset:
434 1197 626 1266 Exploratores
645 1198 729 1262 estis,
753 1195 953 1265 exploratorum
1004 1211 1045 1249 me
1057 1211 1111 1250 erre
1125 1197 1230 1265 lecistis.
1246 1194 1344 1265 lomplt
1364 1197 1681 1262 mantuanensium
1701 1208 1799 1255 tenetur

163 1286 244 1341 poena
255 1271 327 1340 digni
341 1266 428 1323 eritis.
441 1266 588 1335 Sequitur:
1003 1265 1031 1318 irr
1042 1266 1158 1328 muralis,
1170 1263 1305 1335 Beujaruirr
1318 1264 1448 1335 auderetis,
1460 1265 1637 1337 deducetisque
1647 1283 1722 1322 aanor
1730 1285 1798 1324 meos

201 1339 292 1410 (lers.
305 1340 337 1394 l'l
351 1335 440 1407 seqq.)
459 1334 578 1388 Tradidit
595 1347 640 1388 tor
662 1333 690 1388 iu
711 1333 852 1389 custodiam
875 1334 955 1389 triduo
1004 1349 1063 1388 cum
1077 1335 1165 1388 dolore
1177 1335 1212 1388 ad
1223 1338 1329 1405 inseror.
1347 1336 1440 1390 illrum
1455 1335 1516 1389 ideo
1528 1335 1561 1389 nd
1578 1334 1723 1403 itriernurn,
1737 1338 1799 1406 quia

164 1410 265 1474 diebus,
280 1408 356 1462 tertia
369 1415 453 1460 autem
466 1405 508 1458 die
526 1404 623 1459 eductio
642 1403 678 1456 eis
702 1403 733 1457 de
756 1418 874 1468 carcere,
899 1407 955 1457 ait:
1005 1417 1066 1458 curn
1083 1404 1208 1458 tristitiul
1222 1420 1255 1459 an
1266 1405 1370 1459 etiamsi
1384 1406 1491 1459 abesset
1511 1406 1639 1471 tristitia,
1662 1414 1799 1477 tamqnam

166 1479 257 1533 Facite
270 1477 337 1543 quod
349 1476 414 1543 dicei,
430 1483 453 1529 et
467 1474 564 1536 riaetis,
580 1469 660 1525 Deum
675 1472 742 1526 euim
754 1475 838 1526 timeo.
858 1473 890 1528 Si
906 1489 955 1544 pa·
1006 1472 1041 1527 ud
1062 1472 1196 1528 inlernnnt
1218 1474 1357 1529 moriendo
1370 1473 1567 1528 descenderetl
1581 1475 1618 1528 lie
1633 1474 1738 1532 inlerno
1753 1492 1801 1531 au-

165 1549 232 1616 rifici
246 1549 319 1608 ertit,
339 1547 418 1615 lrater
432 1553 512 1598 uetur
522 1558 589 1597 uuus
607 1542 699 1612 liqetur
718 1542 745 1595 in
766 1543 881 1595 comedia
892 1558 901 1596 .·
913 1558 957 1596 uos
1008 1550 1062 1596 tenr
1077 1558 1171 1612 rnnqna
1185 1544 1297 1611 qnnsrin
1313 1553 1374 1598 est:
1392 1542 1495 1612 etquid
1512 1543 1574 1598 inde
1587 1542 1723 1612 Scriptura
1738 1562 1801 1602 sen·

166 1628 251 1672 autem
271 1618 338 1671 mire
357 1625 381 1671 et
400 1617 464 1686 {erte
487 1613 615 1684 {ramento
632 1612 838 1680 qnoeemietiain
852 1613 957 1665 doraum
1009 1611 1056 1665 tirt
1080 1612 1147 1666 locis
1172 1612 1297 1668 amnibus
1322 1614 1366 1668 ubi
1394 1614 1462 1668 lorte
1486 1612 1537 1668 iroc
1561 1624 1799 1672 commemoratum

165 1698 293 1751 restraint
305 1695 328 1741 et
343 1686 447 1754 lratrem
457 1692 566 1737 uertrnm
578 1681 711 1734 miniruum
724 1679 844 1734 adducite
857 1682 891 1734 od
907 1697 956 1746 nre,
1008 1681 1097 1747 luerit,
1114 1682 1321 1737 nlrseraondurn.
1338 1682 1482 1752 Sequitur:

166 1767 194 1810 ιιι
205 1756 300 1826 possim
312 1764 406 1809 eertroe
416 1754 522 1821 probare
533 1766 671 1817 sermones,
687 1758 712 1804 et
732 1766 783 1803 uort
800 1751 955 1804 moriemimi.
1047 1750 1127 1820 [Cap.
1142 1749 1233 1804 XLlll.
1250 1780 1283 1791 —
1299 1751 1374 1806 vers.
1390 1752 1406 1805 8
1420 1751 1509 1820 seqq.)
1524 1750 1608 1806 taam
1622 1769 1720 1824 quoque
1733 1753 1801 1809 dicit

167 1823 296 1880 Fecerunt
310 1833 338 1877 ιι
355 1825 463 1889 dixerat,
478 1830 500 1875 et
514 1819 591 1874 locuti
603 1828 662 1874 suut
676 1819 711 1872 od
725 1820 851 1874 inuicem:
865 1818 958 1874 lierito
972 1811 996 1872 B
1009 1821 1076 1890 patri
1091 1836 1136 1874 ruo
1147 1837 1157 1873 .·
1170 1818 1244 1874 liitte
1258 1837 1364 1890 puerum
1378 1831 1405 1876 ut
1418 1822 1624 1891 proficiscamur,
1639 1831 1662 1877 et
1675 1824 1802 1893 possintne

168 1896 224 1950 brea
236 1895 349 1966 patimur
360 1933 369 1959 ,
382 1893 442 1975 quia
466 1890 624 1960 peccauimos
644 1889 671 1942 iu
694 1890 800 1957 {rotrem
822 1900 957 1955 uestrum,
1010 1891 1091 1945 uiuere
1105 1906 1151 1943 uos
1166 1898 1188 1944 el
1204 1891 1302 1957 paruuli
1316 1893 1404 1944 mareri.
1419 1890 1657 1961 oeconomumque
1670 1897 1697 1944 iu
1717 1891 1803 1965 AEqq·

167 1964 280 2017 uidentes
291 1973 436 2033 anqustram
446 1961 538 2015 animae
548 1959 628 2023 illiue,
640 1958 701 2011 dam
713 1958 890 2028 deprecaretur
900 1974 958 2024 uos,
1012 1971 1093 2028 ptum,
1107 1968 1130 2012 et
1143 1968 1263 2013 steterunt
1275 1975 1361 2013 coram
1373 1957 1478 2030 Joreplr.
1498 1960 1567 2025 Quor
1577 1976 1633 2015 eum
1646 1963 1691 2016 ilie
1700 1963 1802 2018 uidisset

167 2045 193 2087 et
208 2050 259 2085 reon
277 2049 336 2087 eum
357 2031 509 2085 audiuimus.
532 2027 634 2081 ideirco
656 2027 722 2081 uenit
743 2043 820 2094 super
840 2044 886 2082 uos
908 2029 960 2084 isla
1010 2039 1034 2082 et
1049 2028 1185 2100 Beniamin
1198 2030 1284 2091 timul,
1300 2031 1419 2095 pracepit
1434 2032 1603 2100 dispensatori
1618 2047 1680 2094 tuo,
1694 2033 1803 2088 dicens:

168 2103 310 2155 tribulatio.
332 2098 355 2155 Ε
375 2099 466 2169 quibus
482 2114 549 2151 uuus
571 2096 668 2160 liuberr,
688 2096 745 2149 ait:
761 2096 959 2167 Numquidnam
1011 2094 1138 2157 lutroduc
1156 2101 1223 2153 uiros
1243 2100 1364 2164 domum,
1385 2109 1409 2154 et
1429 2099 1516 2152 occide
1528 2100 1653 2165 uictimas,
1670 2112 1693 2155 et
1705 2104 1804 2157 instrue

167 2173 224 2225 disi
238 2174 306 2225 uobis
318 2185 327 2225 :
341 2169 427 2225 Nolite
440 2183 543 2235 peteme
556 2168 583 2220 iu
597 2167 721 2235 pueram?
735 2165 768 2219 lit
781 2182 835 2221 uon
851 2168 961 2223 auditrix
1011 2169 1164 2237 conuiuium,
1181 2169 1302 2238 quoniam
1323 2185 1422 2222 mceurrr
1445 2172 1582 2224 comesturi
1604 2179 1665 2223 aunt
1687 2173 1801 2230 meridies

167 2258 219 2295 mr.
236 2241 276 2294 lio
285 2241 388 2305 sanquis
399 2240 453 2310 ejus
466 2236 615 2307 exquiritur.
631 2233 879 2290 Nesciebantautem
890 2238 959 2307 qaod
1010 2238 1163 2292 decedentes
1177 2246 1261 2291 autem
1276 2238 1310 2291 ad
1328 2238 1527 2309 dispunctorem
1541 2240 1620 2294 locuti
1638 2250 1718 2294 aaut:
1735 2240 1805 2295 Ora·

170 2312 321 2382 iutelliqeret
332 2308 440 2379 derepit,
453 2324 482 2362 eo
501 2305 570 2375 quod
580 2321 626 2374 per
636 2306 798 2375 interp-erem
815 2307 961 2387 loqueretur
1012 2323 1079 2369 mue,
1090 2306 1203 2376 domiue,
1230 2317 1257 2361 ut
1271 2306 1364 2362 audior
1375 2323 1385 2363 :
1398 2308 1458 2361 lam
1477 2317 1537 2361 aute
1563 2310 1750 2374 descendimus,
1776 2318 1805 2365 ut

168 2384 217 2434 eis.
230 2382 297 2448 Quid
311 2379 435 2447 estquod
448 2392 509 2432 curn
523 2375 594 2430 inter
606 2388 636 2429 se
647 2376 808 2443 prenitentes
819 2377 866 2429 ltlri
878 2376 961 2432 lsrael
1012 2392 1150 2431 erueremur
1164 2393 1253 2431 escae:
1268 2376 1358 2446 quibua
1378 2379 1487 2448 emptio,
1512 2393 1570 2431 cum
1593 2381 1746 2434 reminemus
1770 2380 1805 2434 ad

168 2451 344 2521 loquerentur
363 2450 397 2504 de
417 2447 499 2502 fratre
511 2461 560 2501 sun
574 2445 684 2513 loseplr,
700 2445 772 2514 quod
788 2445 814 2500 in
830 2447 877 2500 illo
890 2451 960 2500 male
1012 2447 1190 2511 diversorium,
1204 2449 1352 2516 aperuimus
1371 2448 1486 2501 torculos
1500 2459 1643 2512 nostramet
1663 2451 1805 2505 inueuimut

168 2523 283 2591 egerint,
299 2528 327 2575 et
340 2519 390 2573 ltoc
404 2517 444 2572 eis
457 2516 549 2571 divino
563 2515 665 2584 judicio
685 2515 864 2580 redderetur,
888 2516 960 2598 quod
1012 2517 1147 2585 pecuniam
1159 2519 1184 2570 in
1198 2532 1396 2579 creterrarum,
1409 2531 1487 2585 quam
1501 2533 1568 2571 nrtrrc
1587 2522 1674 2572 eodem
1691 2521 1804 2589 pondere

169 2604 201 2644 se
215 2588 358 2659 periclitari
372 2587 505 2651 riderent,
520 2586 639 2653 adiungit
653 2582 812 2653 Scriptura,
830 2595 858 2640 et
877 2584 960 2640 droit:
1012 2588 1206 2656 reportasimur.
1221 2587 1255 2640 At
1275 2587 1321 2642 ilie
1336 2587 1487 2658 respoudit:
1503 2585 1573 2642 Deus
1595 2599 1673 2642 aruer
1692 2598 1715 2642 et
1739 2589 1805 2643 bear

171 2658 229 2727 lpsi
242 2659 394 2731 iquerabaut
403 2656 471 2728 quod
481 2657 633 2726 inteltrqeret
645 2653 752 2723 doseplt,
761 2654 963 2725 iuterprereuim
1013 2658 1095 2722 patris
1110 2657 1184 2710 oestri
1196 2657 1266 2711 dedit
1281 2655 1350 2710 uobis
1364 2659 1496 2709 tlresaurot
1517 2657 1543 2710 irr
1567 2660 1676 2711 maculis
1697 2661 1805 2716 reatris:

169 2731 237 2784 iuter
249 2731 310 2784 illor
322 2738 396 2783 mat:
413 2729 464 2782 lroc
477 2727 579 2781 scilicet
601 2725 799 2795 intelligendum
818 2734 878 2789 cst,
900 2727 962 2781 ideo
1012 2741 1072 2779 rraru
1084 2728 1219 2797 pecuniam
1231 2742 1308 2796 quam
1319 2726 1424 2780 dedistis
1434 2726 1496 2779 milti
1507 2727 1640 2796 probatam
1652 2743 1699 2796 eqo
1713 2729 1803 2782 dobeo.

169 2814 219 2856 eos
234 2811 342 2869 putasse
356 2798 426 2868 qnod
442 2795 487 2851 ille
502 2812 555 2849 nnn
571 2793 729 2862 intelligeret
742 2809 802 2864 quae
817 2795 963 2865 loqueban·
1012 2794 1087 2862 Quod
1099 2812 1113 2849 a
1125 2811 1267 2864 praepnsno
1280 2796 1375 2849 dnmns
1386 2797 1513 2849 audiunt:
1530 2795 1597 2850 liena
1611 2807 1725 2852 uerteret
1738 2796 1806 2851 liene

170 2877 234 2925 tur:
250 2885 303 2925 oon
318 2868 354 2925 ob
369 2866 440 2922 aliud
458 2864 609 2920 arihilrituur
629 2865 759 2932 putabant
775 2864 959 2933 interpretem,
1013 2873 1115 2932 patrum
1126 2880 1266 2919 uestrarum
1276 2864 1345 2919 dedit
1355 2865 1424 2920 uobis
1435 2865 1567 2931 pecuniam
1579 2867 1604 2920 iu
1614 2868 1695 2922 smair
1706 2868 1804 2934 restris,

169 2939 225 2994 nisi
240 2937 310 3009 quo'd
322 2951 416 2993 eorum
431 2937 548 3006 linquam
564 2936 608 2989 ille
621 2935 752 2999 nesciret;
766 2949 816 2989 nec
827 2949 891 2989 cura
904 2946 963 2990 erat
1012 2944 1145 3003 arpentum
1157 2947 1240 2989 ararem
1253 2944 1363 2989 restrum
1381 2938 1514 3003 prolatum
1529 2934 1624 2991 dobeo:
1636 2937 1805 2992 ntendacimn

169 3010 325 3079 interpretis
339 3022 370 3063 ea
384 3007 473 3062 dicere
487 3004 556 3060 iilia
577 3019 632 3074 quo
652 3006 755 3072 positus
775 3004 881 3067 inerat,
902 3019 963 3073 qnae
1014 3005 1195 3073 ridetnrqnod
1205 3014 1315 3068 nonest,
1325 3004 1806 3073 sedaliquidsigniticarecredcadum

170 3093 226 3135 non
248 3080 281 3134 ud
303 3079 396 3142 illum,
416 3076 463 3131 sed
480 3078 550 3130 inter
563 3089 593 3129 se
608 3073 797 3144 loquebantur.
811 3075 960 3145 Sequitur:
1013 3084 1065 3137 est,
1076 3087 1215 3143 argentum
1232 3079 1303 3129 eninr
1317 3073 1387 3141 quod
1398 3074 1476 3127 datur
1484 3087 1511 3127 et
1522 3089 1574 3128 non
1585 3075 1722 3138 minuitur,
1734 3077 1806 3144 quod

208 3149 298 3221 (Vero.
312 3147 371 3218 ii.)
394 3147 538 3217 Avertitque
550 3160 577 3199 te
589 3160 736 3215 parumper,
753 3154 778 3198 et
790 3144 870 3212 pietrit,
884 3154 908 3197 et
922 3161 962 3199 re·
974 3162 997 3226 ς
1014 3155 1042 3199 et
1053 3145 1191 3211 probatum
1203 3145 1362 3213 appellatum
1373 3152 1423 3208 est,
1436 3145 1561 3198 ninriruxn
1573 3145 1638 3199 illud
1654 3145 1807 3215 intelligitur

169 3235 259 3275 entur
272 3221 370 3272 locotus
381 3228 417 3271 ert
429 3217 463 3269 ad
477 3232 531 3270 eos.
545 3214 599 3269 Nec
611 3215 733 3284 adiungit
744 3215 809 3283 quid
820 3214 872 3269 illis
884 3214 962 3269 dixe·
1013 3214 1049 3269 de
1060 3228 1113 3283 qun
1125 3212 1190 3270 alibi
1205 3215 1335 3284 legimns:
1353 3212 1461 3283 Eloquia
1475 3211 1591 3278 Domini,
1604 3214 1707 3282 eloquia
1726 3227 1807 3281 carta,

170 3292 217 3345 rit.
241 3288 317 3345 Unde
332 3288 487 3357 intelligitur
505 3286 564 3341 lraeo
576 3284 670 3341 eederu
692 3283 792 3339 dixisse
811 3298 871 3354 qute
888 3284 964 3339 dixe·
1015 3292 1149 3355 arquatum
1164 3286 1222 3355 ique
1235 3284 1418 3352 eserniaatnnt,
1431 3283 1565 3351 prelatum
1575 3293 1660 3351 terrae,
1673 3294 1808 3356 purqaluut

172 3367 228 3415 rat.
240 3358 378 3427 Sequitur.
1016 3354 1163 3421 septupium
1178 3352 1238 3419 (Pr.
1254 3356 1314 3420 xr):
1332 3354 1356 3407 id
1370 3364 1420 3417 cst,
1437 3352 1580 3421 perlectos.
1594 3353 1739 3423 Sequitur:

208 3428 297 3500 (lert.
312 3427 348 3481 25
360 3427 448 3495 seqq.)
462 3424 565 3480 Totiens
574 3424 690 3489 Simeon,
705 3433 729 3480 et
739 3423 822 3494 ltqam
831 3423 885 3477 illir
898 3439 963 3491 prae·
1053 3422 1143 3491 (llers.
1157 3422 1193 3478 id
1200 3428 1289 3492 seqq.)
1299 3420 1445 3492 Eduairqne
1455 3423 1489 3475 ad
1503 3437 1545 3476 eor
1560 3424 1682 3490 Simeon,
1694 3433 1717 3478 et
1729 3425 1808 3480 iutro·

172 3498 296 3559 tentibus,
319 3497 399 3569 justit
419 3495 542 3550 ministris
562 3503 591 3549 ut
611 3493 743 3561 implerent
765 3509 851 3548 saccos
873 3508 964 3548 eorum
1015 3491 1809 3562 duatiedomumatrulitaquanr,etlaueruutpedessuor,dedit·

172 3568 270 3625 tritico.
285 3576 308 3621 et
323 3574 471 3637 reponereut
488 3566 607 3634 pecuniae
626 3565 788 3633 eloquiorum
809 3563 835 3616 io
854 3564 964 3616 merulis
1014 3578 1062 3633 que
1075 3561 1169 3630 pabula
1175 3566 1301 3633 jumentis
1308 3576 1405 3616 eorum.
1413 3557 1459 3614 Illi
1468 3576 1526 3614 uero
1533 3572 1687 3630 parauerunt
1700 3579 1808 3617 munera

170 3638 237 3698 ιιιὶι,
252 3637 318 3690 daris
331 3652 411 3701 supra
429 3637 464 3689 eit
479 3635 580 3689 cibariis
594 3634 621 3688 iu
635 3633 686 3686 uia.
710 3631 760 3697 ont
784 3631 898 3700 lecerunt
915 3636 962 3687 its.
1014 3627 1382 3701 ooaeciaqreoerernrlmepd
1392 3628 1506 3695 meridie,
1518 3631 1652 3684 audierant
1663 3633 1731 3685 euim
1740 3633 1808 3702 quod

171 3708 208 3759 At
231 3707 271 3759 illi
297 3714 427 3776 portantes
449 3705 578 3773 [ramenta
598 3719 626 3757 ιιι
648 3702 727 3755 asinis
750 3702 859 3771 profecti
882 3712 963 3755 suut:
1014 3700 1049 3754 ibi
1064 3701 1201 3754 comesturi
1214 3709 1296 3753 esseut
1311 3714 1412 3765 panem.
1425 3698 1511 3768 lpitur
1523 3699 1653 3770 iuqresaur
1664 3709 1699 3755 ert
1710 3699 1807 3769 insepti

170 3771 309 3845 opertoque
322 3790 388 3828 uuae
406 3789 500 3841 sacro,
522 3784 550 3827 ut
571 3774 643 3827 daret
660 3774 779 3843 jumento
799 3769 924 3840 pabulum
937 3771 964 3824 iu
1015 3771 1118 3822 domam
1130 3785 1215 3834 suam,
1229 3768 1423 3838 obtuleruntque
1435 3769 1459 3822 ei
1473 3784 1589 3832 munera,
1604 3779 1627 3823 et
1636 3769 1809 3826 adorauerunt

171 3846 325 3909 disertudo,
339 3842 523 3910 conumplatar
536 3843 668 3913 pecttmam
682 3843 709 3895 irr
723 3856 766 3893 ore
779 3839 885 3903 saeculi,
897 3839 964 3895 dixit
1014 3840 1088 3910 proni
1099 3839 1127 3894 irt
1140 3847 1218 3893 terra.
1234 3837 1266 3890 m
1280 3838 1325 3892 ille
1337 3841 1472 3892 clementer
1485 3838 1632 3894 resalutatio
1644 3840 1689 3906 rit,
1702 3841 1809 3894 interra·

172 3914 297 3985 fratribus
311 3914 375 3979 suis,
389 3914 490 3967 reddita
502 3923 538 3967 ιιι
550 3910 612 3965 milri
624 3911 750 3982 pecunia,
766 3925 797 3962 eu
816 3910 921 3963 trabem
937 3911 965 3963 io
1014 3911 1082 3977 qauit
1105 3909 1211 3962 dicem:
1233 3906 1359 3963 Suluueue
1376 3916 1413 3961 est
1433 3917 1506 3978 pater
1520 3917 1600 3964 ceatm
1613 3925 1699 3967 muca.
1716 3912 1809 3980 dequo

172 3999 259 4038 sacco.
276 3981 309 4037 lit
322 3983 492 4049 obstupefacti
504 3983 644 4051 turbatique
654 3979 964 4046 disernutmutuo,quid·
1015 3980 1138 4033 dmartii
1150 3978 1235 4031 milri?
1246 3977 1330 4030 adltuc
1343 3977 1424 4032 nioitl
1437 3975 1473 4032 Et
1491 3979 1616 4033 incarnati
1635 3979 1808 4034 adorauerunt

172 4068 238 4106 rranr
251 4062 297 4112 eet,
312 4054 380 4120 quod
394 4053 453 4120 tecit
467 4053 539 4106 uobis
553 4050 643 4105 Deurl
655 4049 682 4106 Si
697 4049 853 4118 diligentins
874 4050 964 4103 consi·
1015 4064 1082 4102 eum,
1097 4048 1190 4103 Astale
1201 4062 1317 4117 namque
1333 4047 1443 4103 iratrenr
1460 4047 1575 4104 rendere
1596 4049 1654 4104 ansi
1677 4056 1755 4112 sunt,
1779 4058 1810 4105 nt

153 4124 312 4187 ,duremus
325 4123 491 4177 inveniemus
502 4124 563 4190 qnia
575 4134 721 4188 numquam
732 4120 788 4174 iere
802 4116 828 4170 in
843 4130 964 4172 sanctum
1017 4117 1065 4173 lloi
1080 4117 1220 4173 consilinm
1234 4125 1399 4191 motaretnrq
1417 4118 1463 4172 sed
1488 4116 1578 4173 dirinn
1600 4117 1711 4188 iudicio,
1734 4120 1806 4200 quad

174 4191 237 4262 quis
252 4193 339 4247 lucrum
357 4191 455 4247 dicitnr
470 4190 661 4254 descendisse,
686 4189 736 4243 nisi
761 4187 964 4256 vituperabilem
1015 4187 1151 4245 declinare
1173 4188 1356 4252 cenaticum,
1380 4190 1527 4245 renitentes
1549 4190 1720 4255 servierunt,
1745 4189 1809 4245 tude

173 4261 366 4316 conscendisse
378 4271 551 4314 memoretur.
567 4258 633 4327 Qnae
651 4257 853 4313 observationes
873 4264 965 4311 osten·
1016 4259 1115 4327 quippe
1138 4260 1224 4313 coacti
1248 4268 1311 4312 sunt
1334 4258 1380 4312 nei
1403 4261 1567 4313 uoluntatem
1584 4274 1722 4328 peragere,
1737 4262 1809 4315 unde

175 4330 247 4384 dnnt
259 4330 374 4384 divinam
389 4329 565 4398 scripturam,
581 4343 634 4382 nnn
656 4338 685 4382 ut
707 4327 828 4396 plurimis
850 4327 965 4392 ridetur,
1016 4326 1079 4383 huie
1093 4327 1178 4383 moliti
1194 4335 1355 4384 suntastute
1368 4328 1512 4383 contraire.
1527 4327 1570 4384 Sic
1583 4327 1702 4383 divinum
1719 4329 1810 4384 consi·

174 4397 313 4455 inerudito
336 4410 416 4468 atque
439 4398 538 4465 agrem
562 4413 687 4453 sermone
707 4398 902 4464 compositam,
918 4396 966 4451 sed
1018 4396 1082 4451 linnr
1097 4398 1161 4451 dnm
1176 4400 1285 4462 vitatur,
1300 4399 1471 4465 completur:
1489 4397 1530 4452 sio
1545 4396 1659 4451 bumana
1677 4399 1807 4466 sapientia

176 4469 326 4524 meandum
340 4468 507 4537 disciplinam
530 4467 627 4522 ditinae
648 4465 806 4522 eruditionis
828 4475 965 4533 aptatam,
1017 4465 1081 4521 durn
1102 4470 1262 4533 reluctatur,
1279 4466 1525 4535 comprehenditur.
1541 4465 1697 4521 'limnerrtnt
1711 4467 1809 4523 iratres

177 4551 268 4608 neque
290 4539 425 4592 irretoricis
449 4537 666 4602 narrationibus,
691 4544 819 4606 quantuor
845 4534 925 4590 rebus
938 4544 966 4590 et
980 4516 1006 4577 D
1019 4551 1052 4591 ne
1064 4536 1164 4606 luseplt
1179 4550 1259 4605 snper
1273 4548 1320 4590 eos
1332 4546 1512 4603 excresceret,
1526 4536 1573 4591 sed
1587 4535 1639 4593 lroe
1653 4537 1727 4606 qnod
1740 4536 1809 4592 diri-

177 4609 304 4662 sensibus
324 4607 443 4676 mysticis
467 4608 637 4663 seruientem.
664 4605 740 4660 llnde
758 4620 819 4659 cnm
842 4605 966 4660 detentos
1018 4607 1090 4660 nitus
1101 4605 1258 4674 dispositum
1270 4604 1355 4660 inerat
1367 4606 1487 4662 mrerrdo
1499 4614 1586 4661 aetum
1599 4614 1681 4661 estut
1694 4606 1806 4664 reniret.

177 4677 276 4731 luisset
288 4677 396 4733 Simeon
412 4679 437 4731 in
452 4675 589 4746 AEqypto,
613 4684 641 4730 et
659 4674 758 4729 iratres
780 4674 837 4743 ejus
862 4674 968 4730 dimrssi
1019 4674 1139 4733 llrrmana
1152 4691 1217 4744 erqo
1231 4675 1362 4745 sapientia
1385 4675 1412 4730 in
1431 4675 1518 4743 seipsa
1540 4674 1734 4745 comprehensa
1753 4688 1807 4741 est,

178 4755 380 4802 reverterentur
400 4747 433 4800 ad
458 4755 580 4814 patrem,
606 4761 658 4799 nnn
679 4753 722 4799 est
744 4752 892 4809 scripturn,
905 4746 966 4812 qnia
1019 4760 1079 4814 qne
1093 4745 1223 4799 uoluntati
1238 4745 1368 4801 belundo
1383 4761 1430 4814 per
1440 4744 1614 4802 intentionem
1627 4747 1736 4810 restitit,
1747 4745 1810 4802 inde

178 4816 359 4871 ascenderunt
368 4831 401 4870 ex
412 4814 543 4887 AEqyptn:
558 4815 611 4870 sad
621 4815 787 4881 imponentes,
803 4816 897 4882 inquit,
912 4817 969 4884 tra·
1019 4815 1079 4883 ejus
1095 4814 1242 4885 impletioni
1256 4816 1387 4871 militarit.
1407 4816 1482 4883 Quod
1505 4829 1577 4885 sepe
1600 4816 1723 4871 nonnulli
1745 4817 1809 4871 duur

178 4895 381 4953 mentamruper
394 4887 550 4939 asinoreuos
562 4884 769 4939 etiamnullum
782 4893 969 4950 auteur,rece·
1020 4884 1277 4955 bumanasapienriu
1292 4884 1539 4947 indsti‚desideriis
1559 4885 1615 4940 suis
1632 4886 1720 4940 diuina
1733 4885 1809 4954 iudi·
1897 4879 1903 4889 '

180 4962 229 5022 pto
242 4956 324 5011 tratre
334 4963 362 5009 et
374 4957 480 5023 cognito
491 4952 602 5024 loseph,
616 4954 664 5009 sed
676 4961 703 5009 et
714 4952 851 5023 Beniamin
866 4954 892 5007 in
904 4968 965 5009 ocu·
1020 4955 1060 5009 cia
1074 4954 1208 5010 conuaire
1220 4957 1397 5025 conspiciunt,
1408 4956 1504 5011 astutis
1513 4955 1553 5009 eis
1565 4955 1807 5011 machinationibus

179 5025 216 5078 lis
230 5026 289 5092 elus
302 5025 391 5080 oblato
406 5039 466 5080 cnur
479 5023 572 5079 lentio
584 5032 802 5078 reuerterentur:
819 5032 882 5077 tunc
902 5023 970 5078 dioi-
1020 5024 1146 5080 reluctari
1158 5032 1305 5091 conantur;
1323 5037 1350 5081 et
1366 5039 1420 5095 qno
1441 5025 1474 5079 ad
1499 5034 1589 5080 rotant
1610 5024 1663 5079 rim
1684 5039 1809 5092 supernae

180 5103 244 5146 tur:
286 5094 328 5146 uia
343 5092 902 5164 memaaumeaAEqqpro,erremramin
921 5103 971 5147 ter·
1020 5093 1204 5161 dispositionis
1217 5096 1395 5163 intorqueant,
1407 5094 1511 5149 caliidis
1524 5092 1732 5164 cogitationibus
1745 5093 1810 5149 insi·

179 5176 239 5215 rarrt
367 5180 375 5216 r
389 5164 423 5218 ad
434 5160 514 5216 lacot
527 5173 625 5232 patrem
636 5177 712 5218 ιιιιιιιι
724 5158 801 5233 (Gerr.
821 5161 896 5232 aar).
919 5161 970 5220 Se·
1021 5170 1107 5231 stunt,
1123 5164 1262 5220 subtiliora
1276 5164 1388 5220 eorrsilia
1401 5163 1558 5232 exquirunt.
1573 5162 1626 5221 Sed
1639 5163 1701 5218 inde
1713 5163 1807 5219 reiun-

180 5231 293 5301 qnitor:
1022 5241 1103 5290 tatenr
1115 5233 1162 5289 uei
1174 5243 1312 5304 peragunt,
1323 5234 1395 5290 unde
1405 5234 1473 5290 banc
1483 5232 1808 5299 immoraremmeaonau

123 5329 130 5335 ·
220 5299 310 5371 (lert.
324 5300 359 5357 29
372 5299 462 5372 seqq.)
474 5299 509 5355 lt't
521 5308 689 5356 uarrooemmt
701 5301 726 5355 ei
739 5301 826 5355 omnia
835 5316 893 5370 qaue
902 5301 972 5356 acci·
1022 5314 1103 5371 atquc
1115 5303 1312 5373 omnipotentis
1323 5303 1448 5368 consilio,
1462 5305 1525 5360 dom
1537 5301 1807 5371 rmistmemtontur,

182 5369 278 5424 discent
291 5372 345 5436 eir,
360 5369 615 5427 dicenteetloeutnr
627 5370 747 5425 atrabis
759 5371 876 5426 dominus
896 5381 970 5427 terrae
1022 5374 1224 5443 obsequuatur:
1238 5372 1300 5443 quia
1314 5388 1386 5443 supe
1399 5372 1557 5443 etlroeejus
1569 5374 1736 5441 dispositioni
1749 5382 1811 5443 apte

182 5440 258 5500 dure,
271 5444 400 5562 etpotaoit
410 5457 455 5494 rror
465 5443 637 5509 exploratores
647 5442 793 5510 prouinciae.
805 5440 854 5494 Cui
865 5457 970 5507 respon·
1024 5446 1130 5510 militat,
1146 5443 1218 5512 quod
1231 5450 1256 5499 er
1271 5458 1318 5513 per
1330 5444 1475 5499 numanam
1487 5442 1603 5499 studium
1616 5443 1709 5498 lritnle
1722 5444 1810 5499 resul-

182 5510 279 5575 diruus,
310 5511 404 5579 ’aeifiei
418 5525 524 5575 tumus,
546 5525 592 5564 uec
614 5512 681 5567 ullos
700 5511 819 5563 molimur
840 5511 969 5567 insidiae:
1025 5513 1162 5574 tat,sicrrt
1184 5513 1314 5579 scripturn
1337 5525 1399 5569 ost:
1424 5512 1618 5584 Compreltendit
1639 5515 1764 5584 sapienter
1784 5513 1812 5566 iu

183 5580 319 5633 duodecim
334 5583 425 5651 fratrer
439 5595 491 5633 uno
503 5589 575 5651 patre
585 5580 663 5648 qerriti
675 5596 781 5644 sumum·
794 5597 859 5634 unns
870 5598 920 5635 nort
934 5590 971 5636 ett
1024 5584 1120 5636 astutia
1132 5598 1178 5649 tuq
1193 5581 1262 5654 (lob.
1277 5586 1315 5654 u).
1331 5582 1360 5638 ln
1373 5583 1469 5639 astutia
1486 5598 1599 5652 namque
1613 5597 1661 5638 sna
1678 5585 1812 5652 sapientes

183 5665 271 5716 saper,
288 5650 408 5704 minimus
421 5666 477 5703 cum
489 5660 562 5710 patre
574 5660 687 5702 uersatur
706 5650 732 5702 iu
751 5659 819 5702 terra
837 5650 969 5707 Cdauaort.
1025 5653 1357 5719 conprehendentimn
1380 5654 1439 5721 ejus
1462 5652 1582 5709 consiliis
1605 5653 1720 5708 lrumana
1743 5654 1811 5707 lacta

185 5720 238 5784 Qui
252 5720 288 5773 ait
299 5723 391 5776 molit:
405 5717 450 5776 Sir
460 5720 572 5792 probato
585 5719 652 5790 quod
663 5718 764 5790 pacifici
776 5720 851 5774 titia:
865 5724 972 5793 tratrem
1026 5725 1107 5779 etiam
1121 5733 1184 5781 tunc
1196 5738 1314 5794 congrue
1327 5725 1464 5792 seruiunt,
1487 5739 1548 5781 curn
1570 5724 1718 5785 resistunt.
1742 5721 1814 5779 utria
