4009 6184
149 362 217 424 1168
689 358 804 422 sunau
823 358 868 416 DE
887 357 967 417 illd
986 358 1017 416 S.
1039 356 1227 416 BONORAfli
1714 358 1783 418 ilbi

147 479 181 537 dc
195 474 357 533 assumendo
372 475 500 547 episcopo
521 472 619 532 studiis
641 472 819 530 dissidentem
842 481 936 530 mutuo
949 476 976 539 Α
987 471 1118 529 credibile
1133 479 1175 528 eat
1193 484 1273 542 quam
1296 469 1529 542 integrorumque
1544 469 1571 526 ln
1587 477 1705 527 extrema
1720 486 1780 528 scr·

148 584 239 628 amore
262 579 435 626 connectere.
449 568 596 639 Tamquam
612 568 741 639 probatus
755 567 861 623 israelis
879 568 934 640 agl·
989 565 1133 622 ranerius
1154 563 1322 635 deprimam
1343 577 1451 635 semper
1469 563 1606 619 uberrime
1625 563 1780 621 consolatos
1872 552 1876 560 ’

149 670 228 731 tator,
243 659 329 730 probe
343 653 455 717 nosmet
465 675 519 716 non
529 659 765 730 facilequidquam
778 658 936 715 discordan·
988 668 1031 716 est
1044 673 1125 725 suos,
1141 673 1173 713 ae
1184 655 1252 713 ailtil
1267 655 1352 727 magis
1367 655 1453 712 timuit
1467 671 1548 729 quam
1562 671 1597 715 ne
1609 656 1712 714 diutina
1734 658 1780 714 de⁴
1791 705 1800 743 ,

149 754 219 811 tibus
237 753 379 825 imperari.
395 753 525 810 studebat
538 764 670 822 praeterea
682 766 775 808 amore
789 752 880 823 potius
893 766 936 807 re-
987 751 1143 821 speratione
1162 749 1380 816 coudcereomr;
1406 748 1562 821 intelligens
1582 765 1652 821 pene
1672 750 1794 810 facilius·

147 859 211 918 gere
234 858 315 915 quam
334 852 441 901 terrore
459 842 593 900 dominari
614 860 622 897 ε
640 852 669 898 nt
681 842 832 898 noluntaria
851 841 936 912 magis
986 840 1054 900 ferri
1065 851 1188 899 extrema
1198 854 1279 912 qoam
1289 841 1382 898 dubia.
1393 842 1646 912 tlbstemitsemper
1655 859 1781 902 sermone

148 950 226 1005 quaro
236 945 329 992 coacta
340 934 472 993 correctio
483 935 554 992 bunc
563 947 669 1005 quoque
679 933 795 989 subditis
806 931 937 1004 adjiceret
987 933 1098 989 condito
1118 933 1350 990 circumstantium
1365 934 1514 1007 lacrymas,
1536 949 1603 1006 quas
1619 944 1708 992 umen
1726 950 1781 1007 quo

147 1035 282 1093 ornatum,
293 1041 328 1082 ne
338 1024 372 1080 ad
386 1023 591 1081 ofdciumsuum
601 1024 732 1095 compulsi
745 1031 758 1061 ¹¹
769 1022 935 1079 riderentur.
983 1025 1074 1098 magis
1085 1022 1101 1063 ¹
1113 1024 1241 1082 abstersit
1251 1027 1376 1082 irritarit.
1389 1025 1453 1082 inde
1465 1027 1617 1099 gratiorem
1629 1029 1781 1087 suodolote

147 1114 293 1172 Confestim
309 1115 400 1185 ltaque
411 1117 523 1172 exclusa
539 1114 674 1170 discordia
689 1113 810 1183 illique
823 1120 865 1169 est
879 1126 939 1167 otu·
988 1126 1113 1174 nostrum
1125 1118 1312 1189 computabat.
1327 1118 1387 1174 flea
1398 1119 1477 1176 lacile
1492 1119 1634 1191 quisquam
1650 1129 1703 1177 tam
1719 1120 1780 1176 forti
1886 1188 1891 1196 ⁴

147 1205 222 1262 trium
235 1195 367 1262 uirtutum
380 1215 475 1271 mater,
489 1205 613 1261 charitati
628 1205 717 1260 locunt
732 1203 856 1274 praebuit.
873 1202 936 1259 flo-
987 1218 1101 1281 pectore
1113 1209 1184 1264 inter
1196 1209 1326 1280 quaelibet
1337 1224 1432 1276 aspera
1443 1220 1471 1268 et
1481 1210 1548 1268 dura
1565 1210 1574 1251 ¹
1591 1214 1718 1280 toleratu,
1732 1227 1782 1272 neo

147 1297 202 1352 rtrit
212 1294 321 1369 igttnrl
337 1297 387 1352 sub
402 1298 460 1368 ipso
472 1296 573 1353 Christi
584 1296 721 1362 Ecclesia,
735 1295 814 1351 sicuti
829 1309 937 1351 monas·
989 1299 1095 1370 optarit
1108 1297 1379 1370 qliquandomortem
1394 1314 1446 1358 nec
1455 1301 1575 1370 expauit.
1585 1302 1652 1358 fiam
1664 1304 1687 1357 is
1701 1317 1780 1373 quem

148 1387 245 1443 terium
256 1396 319 1443 ante
327 1385 561 1443 conuenturam
569 1386 674 1456 gratiis,
684 1384 803 1441 decrerit
812 1383 937 1451 metallis;
989 1390 1081 1446 virere
1099 1390 1172 1445 inter
1186 1390 1315 1460 quelibet
1327 1391 1418 1462 gratia
1433 1391 1461 1447 in
1475 1391 1576 1448 Christi
1587 1392 1717 1450 seruitute
1729 1408 1782 1450 non

148 1477 269 1548 ingressa
287 1477 413 1533 ridelicet
430 1475 590 1545 discipline,
613 1474 722 1530 edomo
735 1487 784 1530 sua
802 1482 939 1546 mntquam
989 1479 1085 1551 piguit,
1099 1480 1133 1535 ad
1152 1494 1249 1536 noram
1265 1482 1348 1537 titana
1368 1495 1599 1551 percommuttem
1612 1483 1685 1539 illam
1706 1499 1783 1541 norm

147 1566 229 1624 durno
250 1568 390 1622 [lominica
412 1581 563 1622 mammona
585 1566 736 1638 iniquitatis
758 1564 891 1631 exclusit;
912 1575 940 1622 et
990 1569 1054 1626 rite
1064 1569 1174 1641 januam
1191 1568 1308 1626 transire
1319 1584 1373 1625 nott
1388 1570 1488 1626 timuit.
1504 1570 1694 1629 Premeditata
1710 1575 1782 1629 enim

148 1675 209 1731 quac
220 1660 315 1716 otiosas
325 1660 371 1715 diu
383 1670 517 1731 congesta
532 1658 649 1724 fuerant,
664 1657 753 1728 dignis
765 1658 874 1714 tandem
885 1659 941 1714 usi·
990 1659 1030 1718 iili
1042 1660 1138 1718 ultima
1153 1660 1292 1716 bertuinum
1304 1659 1463 1732 necessitas,
1481 1677 1535 1718 noa
1550 1663 1689 1733 repentina
1700 1665 1782 1722 adre-

150 1751 199 1807 bus
209 1749 473 1820 deputantqduonn
481 1749 614 1805 defunctis
622 1749 763 1805 tuesanros
773 1762 836 1804 suos
847 1747 938 1803 misit:
990 1761 1078 1809 perat.
1095 1753 1187 1823 ltaque
1199 1753 1250 1809 sub
1269 1752 1328 1823 ipso
1344 1755 1399 1822 tam
1414 1752 1476 1808 fluis
1496 1764 1625 1825 aspectu,
1646 1764 1782 1828 umquam

149 1842 315 1913 iterumque,
329 1841 551 1913 quiobtulerant,
564 1842 729 1897 oblationum
742 1855 851 1896 suarum
862 1837 938 1896 refri·
955 1844 1158 1916 Remigraret,
1181 1853 1317 1915 tamquam
1341 1844 1526 1913 valediceret,
1545 1861 1581 1902 ne
1602 1846 1665 1917 qnid
1685 1848 1784 1918 imper-

150 1936 392 2007 sserlaseltsefillll.
406 1933 463 1990 Hoc
478 1929 941 2004 stilumquudtnittisleiibbllitsuf-
991 1938 1091 1997 [ectum
1117 1930 1318 2011 defellnqtlel'ei
1331 1983 1339 2010 ,
1358 1956 1393 1997 ne
1414 1940 1479 2012 quid
1499 1940 1588 1997 minue
1612 1940 1691 2011 plene
1705 1954 1784 2010 quant

152 2027 246 2082 boiens
261 2034 320 2082 erat
340 2025 501 2081 reservavit.
521 2024 575 2081 Sed
594 2025 618 2079 si
637 2024 773 2095 exegisset
792 2037 872 2093 usus,
891 2035 941 2079 nee
990 2041 1170 2102 proposuerat
1180 2030 1329 2096 ordinaret,
1340 2030 1506 2103 interrogare
1514 2030 1636 2102 singulos
1648 2039 1784 2097 nostrum,

153 2118 315 2184 minisierio,
327 2126 356 2173 lii
365 2133 437 2182 retal,
449 2119 624 2189 pepercisttel.
638 2116 726 2173 Alieni
739 2115 942 2187 beatitutidinis
992 2130 1020 2178 et
1034 2120 1068 2177 ad
1081 2121 1289 2192 suggerendum,
1302 2121 1399 2192 siquid
1413 2123 1571 2178 memoriam
1586 2137 1665 2177 suam
1676 2122 1785 2178 subter·

153 2210 384 2283 dispensationem
396 2225 473 2266 suam
489 2208 562 2267 fecit.
749 2275 751 2277 ,
992 2210 1122 2283 fugisset,
1136 2213 1251 2267 bortart.
1266 2211 1362 2267 Omnia
1377 2212 1485 2267 interim
1512 2210 1712 2282 subscriptione
1737 2211 1784 2265 fln-

452 2321 567 2380 ggpuq
585 2320 642 2378 vu,
993 2317 1082 2365 mare,
1096 2311 1122 2359 ct
1136 2311 1279 2372 parcentes
1289 2317 1339 2358 nos
1352 2301 1500 2373 fatigationi
1514 2302 1614 2357 samad
1626 2302 1715 2358 omnia
1726 2317 1786 2370 quae

152 2413 284 2474 pm„
298 2414 411 2480 mmm,
426 2416 520 2477 ,Μ
535 2415 676 2486 ,mm
690 2443 727 2457 ,,
737 2413 828 2471 gam,-
840 2414 866 2469 g,
879 2413 944 2469 sats
994 2391 1099 2464 agenda
1116 2400 1429 2464 erantccgere3c0gere
1438 2400 1529 2449 autem
1540 2391 1639 2448 blando
1649 2391 1707 2458 illo,
1718 2392 1787 2448 sicut

392 2485 601 2557 promercalibus
615 2494 699 2540 orent.
993 2497 1114 2556 semper,
1130 2483 1269 2553 imperto..

186 2573 233 2630 29.
246 2575 359 2647 0pcrari
369 2577 450 2632 etiam
466 2576 537 2632 inter
549 2584 670 2632 extrema
685 2590 738 2631 uon
753 2574 865 2632 destitit.
878 2572 947 2630 littl-
1031 2576 1076 2632 bl.
1091 2573 1214 2644 Quadam
1233 2582 1324 2632 autern
1349 2575 1410 2632 rite
1428 2590 1490 2632 cum
1502 2576 1685 2646 comprimere
1701 2575 1788 2648 berry

153 2677 195 2722 tos
214 2670 240 2724 in
263 2669 362 2725 lectulo
380 2681 430 2724 suo
443 2669 517 2725 serbi
541 2667 743 2740 dispensatione
761 2666 867 2724 ditarit.
891 2666 945 2725 Sed
996 2682 1101 2724 marum
1119 2682 1240 2725 mearum
1267 2677 1456 2738 tempestatem
1476 2681 1505 2726 et
1526 2671 1694 2738 abrumpere
1715 2670 1788 2725 rivos

153 2757 281 2824 quamdiu
299 2758 374 2814 ilium
388 2759 474 2815 iectus
493 2759 595 2824 tenuit,
609 2758 652 2814 cui
666 2772 794 2828 superare
806 2756 887 2812 stiam
907 2757 947 2811 ni·
996 2756 1108 2814 fletuum
1122 2757 1296 2815 laborarem:
1312 2759 1394 2828 Quid,
1421 2761 1517 2831 inquit,
1539 2762 1606 2831 des?
1619 2760 1788 2817 ineuitabilem

154 2846 231 2904 tinas
245 2844 259 2886 ¹¹
275 2850 356 2904 morti
368 2848 541 2906 lassitudines
551 2850 607 2919 jam
621 2849 647 2904 itt
664 2848 887 2905 consuetudinem
902 2862 948 2903 tc·
996 2852 1104 2907 bomani
1116 2855 1216 2924 generis
1230 2856 1405 2910 necemitotcm
1417 2856 1430 2911 i
1442 2855 1605 2925 imparatam
1627 2870 1688 2927 ergo
1699 2865 1726 2911 ts
1749 2857 1789 2909 itt·

155 2937 249 2996 nenati
267 2937 413 3007 Ultimum,
428 2939 566 2996 doloribus
579 2940 634 3009 iam
658 2939 870 3022 reluctantibus,
885 2939 948 3009 Epi·
996 2946 1083 2999 uenire
1100 2961 1172 3000 etrus
1187 2946 1311 3001 transitus
1321 2945 1417 3014 debuit,
1431 2962 1489 3001 cnm
1500 2963 1539 3001 nte
1549 2962 1598 3001 non
1609 2946 1788 3001 inueneritiua·

155 3028 317 3098 pbaniorum
339 3030 383 3087 die
404 3030 430 3085 in
451 3030 567 3086 ecclesia
581 3043 735 3085 sermonem
756 3028 850 3085 babuit
874 3046 881 3084 s
901 3044 949 3085 ne·
997 3036 1139 3104 perstant?
1153 3034 1333 3106 Cumqucego
1352 3034 1499 3107 limpedita
1516 3036 1789 3107 singultibusutcunt·

154 3119 246 3180 aciens
261 3136 386 3191 umquam
399 3123 562 3179 colluctante
576 3136 637 3178 cum
657 3119 857 3178 infirmitatibus
877 3118 948 3186 ude.
997 3140 1051 3197 que
1066 3134 1187 3197 poteram
1202 3126 1293 3183 uerbis
1306 3126 1392 3197 ipsius
1405 3127 1486 3184 rerba
1499 3114 1707 3195 subnecterem,
1718 3127 1789 3196 quoti

153 3208 242 3264 dolori
256 3214 342 3283 magis
353 3214 475 3282 corporis
490 3227 571 3283 quam
581 3212 693 3284 spiritus
708 3212 806 3268 ferteri
822 3211 945 3283 acquies-
958 3206 983 3273 d
994 3216 1052 3288 iam
1067 3232 1121 3272 nort
1135 3214 1366 3273 destitutioneml
1382 3231 1469 3273 meam
1484 3215 1617 3278 dolerem,
1632 3216 1790 3286 quippaqni

153 3315 226 3367 cere,
242 3304 352 3358 sertitit
362 3303 503 3361 desideriis
512 3304 611 3361 restris
623 3318 704 3374 supra
716 3318 779 3360 suas
789 3304 872 3360 uires.
887 3302 946 3360 Non
998 3309 1065 3367 mibi
1079 3311 1233 3367 orationum
1249 3322 1360 3365 suarum
1380 3309 1529 3378 patrocinia
1549 3321 1694 3378 numquam
1714 3304 1794 3362 dofta-

153 3391 231 3448 illurn
243 3394 473 3466 siquidemaliqua
485 3397 654 3453 extrinsecus
667 3395 947 3468 superueniensagri-
998 3410 1059 3457 tura
1069 3400 1247 3466 confiderem,
1262 3401 1328 3471 quin
1347 3407 1376 3456 et
1388 3408 1451 3469 post
1462 3400 1605 3456 transitum
1627 3413 1705 3454 suunt
1725 3396 1791 3453 vali·

154 3483 237 3544 todo,
253 3500 306 3539 non
325 3487 428 3540 subitus
442 3486 556 3543 febrium
570 3498 653 3544 aestua
667 3489 824 3555 absorbuit;
840 3488 887 3545 sed
902 3490 947 3544 dia
997 3492 1076 3548 diora
1089 3505 1291 3562 praesumerem,
1307 3505 1361 3544 uno
1371 3489 1548 3545 medulorum
1560 3503 1670 3544 suonam
1681 3488 1792 3545 uulnere

153 3573 238 3630 dilata
251 3574 404 3642 infirmitas,
417 3578 501 3633 nimio
515 3577 617 3633 dudum
631 3580 759 3647 propositi
776 3580 866 3648 rigore
880 3594 945 3633 con·
999 3591 1028 3637 et
1039 3579 1188 3635 difficilium
1202 3580 1274 3635 inter
1286 3591 1406 3635 extrema
1421 3577 1597 3634 luctaminum
1615 3578 1734 3650 maniter
1752 3577 1792 3634 af·

154 3675 258 3733 tracta,
274 3675 301 3723 ct
311 3668 400 3725 adbuc
414 3668 569 3726 remissioni
583 3684 677 3739 parum
691 3655 947 3740 acquiescendo'in·
999 3667 1067 3739 fligi.
1084 3667 1117 3724 bt
1130 3668 1193 3736 qaid
1205 3684 1264 3742 ego,
1280 3668 1378 3737 inquit,
1393 3668 1514 3726 nrt'nintrts
1525 3668 1638 3722 omnium
1651 3668 1707 3738 {ero
1719 3668 1754 3722 od
1762 3683 1793 3724 eo

156 3771 334 3828 gravescens,
349 3770 445 3816 octauo
457 3775 518 3816 eunt
529 3760 573 3816 tel
588 3775 659 3816 nono
669 3759 714 3817 die
725 3769 738 3798 ²
751 3776 766 3814 a
780 3760 949 3817 solemnitate
998 3775 1056 3831 quoe
1067 3769 1214 3813 sanctornm
1228 3758 1333 3828 plurimi
1354 3760 1381 3812 in
1406 3757 1532 3828 sumentis
1553 3758 1607 3812 satis
1629 3757 1793 3813 curbaranno

155 3851 304 3922 praedicta,
320 3852 447 3920 paulatim
463 3851 629 3908 attenuando
641 3852 768 3909 confecit.
783 3852 833 3909 ilis
848 3851 950 3921 quatri·
999 3852 1177 3923 pertulerant?
1190 3851 1223 3908 Et
1233 3849 1455 3916 commemoratis
1467 3850 1581 3921 aliquot,
1596 3848 1706 3920 adiecit,
1720 3850 1792 3921 quod

153 3944 210 4001 duo
234 3951 324 3998 mmen
340 3942 420 3997 nobis
434 3957 511 3998 suam
532 3944 560 3999 in
575 3942 673 3999 officis
685 3941 827 3999 charitatis
848 3942 949 3997 deditis
999 3944 1082 4000 credo
1095 3943 1194 3999 alicubi
1207 3944 1308 4016 legerat
1317 3961 1330 3998 ι,
1341 3941 1442 4015 ifogni,
1456 3942 1556 4012 inquit,
1573 3942 1621 3996 uiri
1644 3942 1727 3998 multo
1746 3958 1793 4013 po·

155 4034 326 4105 presentiam
342 4033 497 4106 denegarit,
512 4036 612 4092 timens
623 4035 713 4107 utiquc
724 4051 758 4092 ne
771 4048 838 4091 sues
852 4034 948 4091 ricinia
999 4037 1140 4098 tisntnmt
1152 4045 1179 4089 st
1189 4035 1255 4089 olim
1267 4036 1322 4103 poti
1331 4035 1449 4102 domant,
1461 4035 1516 4089 noti
1527 4043 1587 4089 auat
1598 4034 1625 4088 in
1636 4034 1791 4108 exemplam.

156 4126 286 4182 transitus
300 4125 342 4181 sui
356 4127 540 4182 contristaret.
552 4125 624 4182 Nulli
638 4142 766 4196 umquam
778 4126 868 4198 gratis
879 4125 950 4182 inter
1035 4126 1081 4183 aa.
1096 4125 1298 4183 confluentibus
1308 4134 1397 4181 nutem
1413 4124 1446 4181 ad
1467 4139 1498 4183 ae
1519 4124 1709 4197 potestatibus,
1724 4138 1791 4197 prae·

154 4218 331 4287 gravissimas
342 4218 516 4288 egritudines
531 4219 589 4275 fuit.
602 4218 686 4286 Nulli,
701 4219 853 4287 utassolet,
864 4219 949 4275 ullum
1000 4217 1071 4271 fecto
1082 4225 1110 4272 et
1124 4214 1302 4285 prefectoriis
1318 4215 1395 4284 tritis,
1410 4229 1492 4287 quam
1506 4213 1636 4271 ferventia
1656 4215 1707 4271 aab
1721 4228 1793 4270 mor·

154 4311 328 4367 infirmitates
340 4326 396 4367 susc
407 4311 548 4367 horrorem
562 4313 721 4369 intulerunt.
734 4312 768 4370 m
778 4312 886 4383 quidem
899 4312 950 4369 ltoc
1002 4309 1114 4380 talliam
1126 4307 1226 4379 frigore
1248 4309 1372 4363 mandata
1390 4307 1570 4378 deprompsit,
1596 4308 1631 4364 ab
1646 4307 1704 4377 ipso
1719 4304 1793 4362 exitu

154 4403 251 4466 ordine
262 4402 327 4457 illud
339 4402 424 4457 sancti
437 4400 575 4472 Spiritusf
589 4402 772 4460 babitaculum
784 4403 949 4474 conquievit.
1000 4416 1051 4458 sao
1063 4416 1175 4458 sumens
1188 4400 1351 4457 acerrimum
1366 4400 1564 4457 erbmtationls
1584 4397 1737 4456 exordium.
1757 4396 1793 4456 bt

188 4493 235 4550 ab.
251 4492 386 4550 Ceterum
401 4495 550 4565 impollute
568 4494 643 4549 iliius
656 4493 755 4549 mends
770 4495 890 4565 rigorem
906 4494 950 4549 in·
1002 4492 1111 4565 dignum
1124 4493 1202 4563 plane
1216 4500 1277 4548 crat
1287 4500 1316 4546 ut
1327 4491 1373 4563 qui
1387 4490 1450 4546 trite
1462 4491 1702 4562 semperexempla
1724 4502 1796 4561 prse-

155 4648 323 4705 lidoccisus
337 4647 434 4716 fuerat,
449 4658 495 4703 atu
508 4646 596 4716 potius
608 4646 723 4711 Euladii,
737 4649 781 4719 qni
798 4647 824 4702 in
839 4656 943 4702 uetusto
958 4649 984 4709 Ι)
997 4646 1182 4719 martyrologio
1201 4645 1319 4700 flomnno
1332 4655 1446 4711 notatur,
1468 4646 1554 4717 inquit
1580 4645 1742 4716 Quesnelltts
1762 4644 1791 4700 itt

154 4719 283 4791 diptycho
308 4718 459 4774 Arelatensi
472 4720 542 4787 apud
559 4718 739 4773 ttabttlnntonn
758 4718 784 4771 in
807 4717 945 4774 analectis
998 4721 1131 4786 margine.
1146 4717 1200 4774 Sed
1215 4716 1274 4773 dies
1286 4716 1461 4786 depositionis
1470 4715 1571 4785 prodie
1579 4718 1670 4774 obitos
1682 4715 1791 4772 ittifar·

154 4787 224 4844 inter
236 4787 387 4844 Patroclum
403 4800 430 4841 et
441 4789 606 4844 florroratum
620 4797 787 4843 recensetur.
800 4787 866 4842 Cum
882 4803 947 4844 vero
999 4789 1140 4860 tynntogtts
1155 4801 1358 4856 nonnumquam
1372 4787 1506 4859 signatur.

153 4870 259 4914 certum
278 4860 313 4914 sit
329 4860 492 4914 annonarum
508 4862 624 4915 electum
641 4859 723 4912 fuisse
736 4858 894 4928 episcopum
909 4861 948 4913 la·
1036 4856 1047 4897 ¹
1064 4857 1185 4924 Salinas,
1201 4857 1397 4929 receptaculum.
1798 4889 1800 4898 ‚

154 4928 234 4985 bente
248 4943 293 4984 an.
312 4928 367 4983 tau
381 4931 427 4984 vel
440 4933 549 4986 ineunte
564 4946 609 4984 an.
624 4929 690 4993 iii,
711 4929 839 4986 Euladius
853 4934 947 5002 paucis
1035 4929 1174 4993 concert..
1191 4930 1242 4983 dut
1273 4932 1376 4983 nimum.
1388 4927 1581 4998 DelnSslinas,
1593 4927 1791 4985 nedistinttttos

154 4999 294 5056 mensibus
308 4999 464 5069 episcopatu
481 5004 581 5071 potitus
600 5000 765 5070 agnoscitur.
999 4999 1177 5066 desperatione
1190 4945 1336 5069 ccnsserea.

189 5078 203 5108 ⁸
215 5070 333 5136 Salinas,
345 5080 507 5138 putarentur.
1035 5071 1050 5107 ¹²
1065 5069 1102 5125 lta
1118 5070 1214 5125 meiius
1229 5085 1261 5125 ex
1274 5069 1390 5125 Salinas.
1403 5069 1575 5137 Questtelqu,
1590 5069 1674 5123 obstes
1694 5068 1721 5137 't,
1732 5068 1793 5125 irri-

188 5137 256 5195 bfta
271 5140 388 5203 Salinas,
405 5139 519 5208 Quesn,
531 5140 578 5194 ssi
591 5142 647 5197 illo.
998 5148 1048 5196 tat.
1064 5138 1211 5195 Gnosiorum
1222 5141 1262 5194 sai
1278 5139 1402 5202 dotorem,
1420 5150 1536 5195 ncatrsm
1546 5147 1665 5210 competo
1683 5147 1719 5193 ut.

190 5218 202 5250 e
216 5210 342 5281 Quinque
362 5221 506 5280 sequentes
524 5226 604 5268 noces
625 5227 640 5266 a
669 5210 815 5280 Quosnello
830 5211 946 5267 omissas
1038 5210 1047 5250 ί
1061 5211 1099 5267 lta
1113 5209 1250 5279 ilaufleg.
1262 5209 1317 5267 das
1327 5223 1388 5266 cum
1401 5211 1517 5267 sallitat.
1528 5210 1598 5267 Editi
1612 5209 1779 5278 antiquiores

153 5293 188 5335 ex
197 5281 259 5337 aliis
273 5282 354 5338 editis
363 5289 392 5336 et
404 5295 470 5339 mss.
485 5281 547 5337 ilat.
564 5281 630 5353 lieg.
646 5282 843 5339 resecavimus.
861 5280 947 5336 lfom-
972 5327 976 5330 .
998 5280 1044 5335 diat
1056 5281 1174 5338 tolneto.
1191 5280 1307 5347 Quesn,
1321 5281 1387 5336 duro
1402 5282 1530 5336 tolerarit.
1544 5280 1629 5336 Panlo
1645 5287 1707 5349 post
1721 5252 1791 5350 apol

155 5365 231 5406 mona
257 5352 401 5424 iniquitatis
426 5352 471 5406 bic
496 5361 587 5406 notata
605 5355 714 5420 respicit
731 5352 860 5425 pecunias
879 5364 947 5422 quas
999 5350 1128 5409 Salinas:
1147 5350 1216 5405 Nom
1229 5366 1303 5419 quent
1318 5351 1400 5406 ciuem
1409 5352 1475 5406 inter
1488 5350 1625 5417 quantitas
1640 5350 1738 5420 ponto.

155 5419 309 5490 Patroclus,
333 5422 461 5476 llottorati
488 5424 688 5491 prodecessor,
715 5426 759 5493 qni
782 5422 861 5493 paulo
883 5432 948 5478 ante
1038 5422 1058 5474 i·
1070 5421 1156 5479 Codtl.
1171 5425 1259 5491 inquit
1270 5421 1427 5487 Bollandtts,
1452 5422 1545 5488 indite,
1557 5421 1628 5476 sicut
1646 5417 1791 5475 attolat.

156 5491 243 5548 furerat
257 5494 380 5559 occisos,
393 5493 486 5561 insumi
498 5502 612 5548 mmrottr
624 5494 766 5550 sacerdotio
780 5494 946 5561 cruditando,
1000 5494 1067 5563 usq.
1083 5492 1232 5548 lidulfus
1246 5507 1308 5547 curn
1321 5490 1402 5547 editis
1415 5501 1442 5547 ct
1457 5505 1523 5547 msa.
1538 5490 1686 5562 adiecimus
1699 5503 1793 5546 rocem

157 5569 185 5616 ut
196 5565 233 5615 ait
247 5563 363 5634 Prosper
373 5563 438 5618 ‘liro
452 5566 478 5618 in
491 5563 638 5626 fibronico,
654 5576 838 5635 congesserat.
1000 5566 1084 5637 ipsius
1099 5579 1114 5618 a
1127 5565 1228 5630 Qursn.
1245 5562 1383 5616 omissam.

189 5627 458 5701 ‘Salinasnnortim
473 5643 502 5690 et
517 5642 692 5705 postpauca,
713 5637 882 5708 condicionis
898 5649 947 5705 pro
1037 5634 1103 5690 klta
1117 5635 1212 5689 melius
1231 5632 1292 5689 ilat.
1308 5634 1375 5704 tteg.
1402 5632 1456 5692 tad
1472 5647 1534 5690 cum
1557 5630 1648 5702 editis,
1678 5635 1792 5701 amplo

158 5700 322 5759 colluctante.
1000 5705 1157 5773 Qucsrtello,
1174 5702 1430 5777 quiejsspratulit.

192 5772 278 5832 ‘Utro
292 5775 383 5848 igiter,
403 5774 536 5833 reicitero
558 5775 692 5847 dispulsa
715 5775 794 5847 obiit,
821 5791 899 5847 gunni
920 5777 947 5830 in
