4009 6184
159 360 228 419 titt
689 358 769 415 viis
788 353 818 418 S.
839 358 967 416 llttsult
986 355 1233 418 tuenstuens.
1721 365 1790 422 iii!

160 469 293 526 uelamine
305 469 494 525 taciturnitatis
503 467 678 534 abscondere,
688 466 856 539 iussionibus
865 483 949 524 rcus·
962 471 987 534 Δ
1001 469 1115 541 speruit.
1130 470 1198 542 Ego,
1207 480 1237 526 ιιι
1250 472 1290 527 sie
1300 472 1428 544 dixerim
1440 473 1520 545 buius
1533 474 1572 533 rei
1587 489 1642 532 uon
1653 475 1789 534 immerito

159 559 289 616 rabilibus
311 560 464 617 diutissime
485 557 643 629 repugnavi.
664 558 719 614 Sed
734 560 799 616 sicit
821 561 948 616 meritum
1000 561 1117 617 arbitror
1130 560 1281 618 taciendam
1297 577 1357 620 esse
1368 563 1512 634 jacturam,
1528 565 1573 621 ubl
1593 567 1789 635 praeconiorum

159 650 331 707 dominorum
358 652 585 720 praesentiumque
611 650 783 719 pontitioum;
810 649 833 706 si
860 659 949 706 tamen
1000 653 1154 708 sublimium
1169 654 1304 710 redundat
1327 656 1438 712 ubertas
1453 675 1461 713 ι
1477 672 1553 713 more
1576 659 1720 726 artiilcum,
1743 661 1789 729 qul

158 741 311 796 obedientis
322 740 459 797 temeritas
473 753 527 796 uon
540 739 680 795 imminuat
692 738 822 808 judicium
838 748 892 795 tam
904 754 950 795 stt·
999 744 1175 814 composituri
1190 745 1315 800 diadema
1340 746 1498 815 pretiosum,
1524 744 1563 801 sic
1586 745 1687 817 eligunt
1711 761 1790 803 seras

160 831 283 885 blimiunt
301 831 473 885 secerdotum
496 847 505 885 s
526 831 587 900 quia
600 831 643 885 cui
664 827 737 883 tandi
755 828 871 885 iaettltas
892 844 949 885 uon
1000 848 1131 902 gemmas,
1147 842 1177 888 ut
1191 835 1295 905 aliquas
1305 841 1397 891 nmen
1412 836 1550 904 praeterire
1573 845 1721 893 noscantur
1747 838 1789 891 in-

160 923 279 993 snppetit
302 921 427 978 ubertate
449 921 586 990 loquendi,
603 920 709 975 indocta
727 920 879 976 rusticitate
903 921 951 976 ds·
1000 922 1102 978 dustria
1119 938 1126 977 :
1142 924 1177 978 ita
1191 933 1220 978 et
1233 938 1294 994 ego,
1318 923 1363 978 ubi
1378 924 1507 979 virtutum
1522 925 1672 980 exuberant
1686 941 1792 996 marga·

158 1028 281 1085 pressus,
298 1014 399 1069 trustra
410 1013 560 1069 vocatoris
571 1011 689 1081 culpam,
704 1012 728 1068 si
742 1020 857 1081 nequeat
870 1024 952 1066 esco-
1001 1011 1082 1076 ritec,
1108 1012 1251 1068 nonnullas
1271 1013 1427 1068 necessario
1438 1015 1663 1083 pretermittam,
1679 1025 1710 1070 ut
1730 1019 1790 1072 sitae

159 1108 218 1162 lens
241 1107 408 1176 propositam
436 1104 521 1180 sterili
541 1118 671 1161 sermone
694 1105 853 1168 materiem
871 1101 951 1172 cuius
1001 1098 1087 1168 ipsius
1099 1100 1321 1168 pretiosissimum
1335 1102 1452 1163 monile.
1468 1119 1521 1159 nou
1539 1105 1665 1160 immanis
1678 1107 1792 1176 gemmis

160 1198 290 1266 ponderis
306 1197 489 1266 magnitudine
506 1203 636 1266 angustus
650 1197 756 1251 animus
768 1195 795 1250 itt
809 1195 869 1265 ipso
882 1207 952 1264 prce·
1001 1199 1138 1264 ornatum,
1152 1189 1200 1245 sed
1220 1193 1346 1260 superuis
1368 1192 1512 1248 uirtutibus
1534 1195 1715 1262 splendidum,
1733 1196 1792 1249 siue

162 1288 270 1343 tationis
280 1288 393 1342 exordio
403 1286 572 1356 praeiocatur,
584 1286 810 1343 duminnumeras
822 1288 951 1340 virtutum
1002 1279 1114 1334 attilicis
1138 1293 1231 1345 manu,
1251 1281 1419 1349 pretiositate
1446 1282 1551 1350 propria
1578 1283 1790 1338 commendetur.

162 1378 265 1447 palmas
279 1377 342 1432 binc
354 1375 417 1431 inde
430 1375 627 1445 circumspicit,
645 1386 658 1413 ¹
673 1390 723 1431 nec
736 1375 858 1446 incipere
880 1372 952 1443 quod
1002 1368 1119 1426 Proinde
1130 1369 1249 1426 tutunus
1261 1370 1321 1440 elue
1335 1371 1506 1437 rudimenta,
1528 1373 1645 1428 indolem
1659 1373 1792 1443 puerilius

162 1466 269 1537 aggredi
284 1475 405 1535 conatur,
419 1475 511 1538 queat,
523 1481 576 1522 uec
588 1465 661 1537 quod
677 1466 812 1537 coeperit,
827 1464 953 1535 supplere
1001 1461 1056 1531 iam
1067 1468 1132 1517 tunc
1142 1476 1202 1531 que
1216 1463 1358 1517 subsecuta
1372 1469 1446 1531 sunt,
1462 1462 1581 1518 inultus
1600 1464 1671 1519 niuei
1693 1462 1795 1520 cando·

162 1555 318 1625 praesaicat.
588 1603 591 1608 Δ
1003 1565 1072 1618 rem,
1087 1550 1244 1621 fulgentium
1260 1552 1390 1607 luminum
1405 1553 1489 1618 loces,
1504 1554 1657 1609 modestum
1671 1555 1796 1624 gradicu-

421 1644 535 1702 cuent
552 1644 699 1703 tutudit.
1004 1645 1040 1698 tis
1053 1641 1201 1708 incessum,
1217 1641 1306 1711 ignem
1321 1642 1461 1714 dagrantis
1475 1644 1587 1713 ingenii,
1603 1645 1794 1700 inexhaustum

163 1735 299 1791 Naiadum
314 1734 433 1791 nobilitas
459 1737 491 1791 ab
514 1735 618 1791 Hilario
641 1747 665 1793 ct
687 1747 794 1793 auctare
816 1740 874 1810 cisa
896 1744 955 1796 ultoe
1004 1732 1138 1790 iucundi&
1159 1732 1274 1801 iduum,
1289 1732 1535 1804 pbilosopbicnrum
1552 1733 1707 1803 dogmatum
1725 1742 1739 1774 ι
1754 1735 1796 1789 ln-

488 1807 632 1875 thdfldl'm
969 1826 1134 1892 nteriorem
1157 1837 1303 1894 seramque
1327 1824 1500 1891 doctrinam,
1525 1823 1653 1894 praebes
1676 1823 1796 1895 postoris

200 1916 228 1970 2
244 1915 394 1971 beatissimi
407 1916 488 1987 igitur
502 1917 616 1984 liilarii,
633 1918 776 1988 peculiaria
790 1921 885 1991 patris,
897 1935 954 1977 mo·
1006 1915 1102 1971 tradita
1113 1914 1173 1986 elus
1183 1914 1465 1984 eloqttlomouimenta
1479 1915 1704 1981 tunsumbresl
1718 1914 1796 1970 trado

163 2005 243 2061 nacbi
258 2006 414 2077 singularis,
427 2007 555 2063 antistitio
572 2009 683 2077 summi,
704 2009 822 2066 doctoris
839 2011 953 2080 eximii,
1005 2005 1178 2076 compendio,
1192 2000 1206 2042 ι
1219 2004 1273 2061 iltis
1284 2004 1419 2061 dsdnlsus
1438 2003 1496 2059 itanc
1518 2004 1679 2075 requirenda
1702 2017 1796 2073 perso-

162 2098 203 2169 pii
224 2099 396 2162 institutoris,
415 2097 501 2154 litam
515 2113 643 2155 sermone
667 2101 847 2169 pauperculo,
872 2115 955 2159 sensu
1006 2100 1059 2165 nis,
1075 2099 1102 2155 in
1123 2099 1220 2172 quibua
1239 2108 1314 2155 tanta
1339 2099 1454 2171 insignia
1474 2107 1613 2169 nequeunt
1634 2095 1797 2152 tructitlcare

163 2189 239 2244 tenui
250 2189 361 2257 cupiens
373 2189 570 2257 demonstrate,
582 2191 691 2261 dignum
702 2190 772 2247 duco
785 2207 954 2263 nequaquam
1006 2191 1146 2246 virtutum.
1170 2190 1228 2262 Ego
1240 2199 1341 2258 autem,
1357 2190 1403 2260 qui
1418 2190 1445 2245 in
1461 2189 1610 2245 ltutnilitato
1623 2186 1748 2257 gratiam,
1768 2188 1796 2241 ln

162 2291 240 2333 more
261 2275 397 2335 rhetorico
421 2279 532 2349 patriam
565 2288 744 2349 parentesque
769 2296 919 2339 memorare
945 2301 953 2338 ε
1007 2281 1100 2337 musal
1114 2289 1270 2352 contemptu
1284 2282 1456 2352 sapientiam,
1471 2279 1798 2349 insuetorisamoreltts·

163 2366 226 2436 quia
253 2368 334 2442 ctiam
362 2369 419 2438 ipsc
445 2370 473 2423 itt
495 2370 619 2425 laudibus
645 2372 790 2427 vetuerandi
813 2374 955 2444 propinqui
1008 2372 1105 2441 titiam,
1121 2374 1148 2428 in
1161 2375 1251 2429 carnis
1272 2373 1480 2429 mortificatione
1492 2369 1674 2440 prudentiam,
1697 2368 1725 2424 itt
1748 2383 1798 2438 pc·

163 2457 324 2527 praecelsum
339 2468 452 2512 stemma
467 2459 703 2530 nasutiumtmaluit
726 2462 870 2519 nobilitare
888 2461 954 2518 dum
1008 2462 1133 2518 munium
1167 2464 1342 2534 premiorum
1375 2460 1576 2531 comparatione
1613 2458 1798 2515 tortitudinem

164 2549 278 2619 respuit,
301 2549 489 2604 commendare
507 2551 571 2605 dunt
594 2553 731 2622 praeterit,
759 2552 872 2609 dilatare
893 2553 957 2610 dum
1009 2553 1139 2624 predico,
1154 2553 1200 2609 iila
1223 2554 1314 2610 omnia
1334 2550 1487 2609 necessaria
1502 2549 1716 2607 dissimulatione
1729 2563 1799 2621 prae-

164 2751 208 2806 ius
226 2750 360 2808 Genitodio
379 2753 521 2825 supposuit.
543 2751 632 2823 Stplus
647 2752 723 2824 piune
744 2752 857 2805 diuersus
880 2762 917 2804 est
939 2768 955 2805 a
1009 2752 1100 2823 ignoto
1113 2769 1147 2809 es
1162 2769 1214 2809 ms.
1226 2753 1327 2809 codicis
1341 2752 1507 2811 Arelatensis
1526 2753 1578 2809 dde
1595 2752 1799 2821 adjudicandam

166 2819 296 2876 Gmuedii
311 2824 659 2893 nostriscripturoeqeuer23
680 2829 773 2877 necest
787 2820 955 2876 itteoclicibus
1007 2823 1174 2878 existimant.
1200 2824 1249 2879 iiic
1269 2831 1363 2878 auctor
1389 2826 1533 2892 episcopus
1556 2824 1676 2878 creditur
1692 2838 1725 2877 es
1747 2825 1801 2880 illis

165 2894 271 2947 mestus.
391 2933 397 2944 .
1007 2894 1120 2948 extremi
1134 2895 1230 2963 capitis
1242 2894 1333 2947 verbis
1346 2894 1444 2961 quibus
1457 2909 1486 2949 se
1500 2893 1657 2948 socmdotcm
1670 2892 1798 2960 appellat.

204 2961 261 3017 litsi
271 2976 336 3018 vero
346 2962 398 3017 boe
409 2973 489 3030 caput
501 2959 668 3017 Gennadium
680 2974 737 3014 non
751 2959 849 3014 babeat
862 2968 954 3013 aucto·
1008 2963 1042 3015 Αι
1057 2972 1235 3031 preterquam
1251 2964 1321 3027 quod
1337 2962 1420 3018 bucce
1435 2973 1516 3031 caput
1529 2962 1606 3016 deest
1625 2963 1652 3015 iu
1671 2978 1722 3016 ms.
1740 2961 1799 3017 lat.

166 3046 237 3099 retu,
252 3040 415 3086 cumtamcn
436 3032 588 3087 inueniatur
600 3029 627 3083 in
642 3031 743 3096 aliquot
758 3045 811 3083 uon
836 3028 953 3083 recenti·
1007 3028 1127 3100 Regina,
1141 3031 1279 3086 sucerdotis
1291 3046 1386 3086 nonten
1405 3047 1457 3086 non
1473 3047 1582 3100 semper
1597 3045 1644 3099 pro
1667 3031 1799 3101 episcope,

167 3102 221 3156 bus
234 3117 299 3158 mss.
322 3100 464 3165 Gennadii,
479 3102 648 3170 scriptumst
661 3099 779 3153 additum
799 3097 890 3168 negari
906 3113 954 3152 nc·
1006 3101 1053 3154 sed
1076 3115 1276 3170 nonnumquam
1290 3101 1369 3155 elium
1382 3116 1431 3171 pro
1444 3103 1591 3172 praestaro
1613 3101 1755 3168 accipitur,
1770 3109 1800 3156 ut

167 3171 252 3240 quita
266 3181 373 3227 netu-tu
384 3173 473 3238 aliquo
487 3169 730 3240 ignotoscriptore,
744 3168 791 3238 qui
816 3168 954 3222 lionorato
968 3153 991 3218 C
1006 3168 1126 3238 pluribus
1135 3171 1265 3239 exemplis
1281 3171 1396 3232 probare
1407 3171 1510 3226 liceret.
1529 3170 1581 3225 Sed
1597 3185 1630 3223 uc
1647 3170 1673 3223 iu
1687 3179 1801 3227 esterna

167 3241 325 3296 Massiliensi
337 3240 428 3295 llilarii
441 3240 527 3296 litata
537 3239 667 3295 attribuit.
683 3239 774 3305 tleque
783 3237 885 3292 ideirco
896 3238 954 3292 baec
1005 3238 1173 3308 divagemur,
1186 3240 1259 3295 idem
1276 3238 1342 3293 Vitae
1354 3247 1448 3295 auctor
1460 3254 1585 3306 cumcap.
1596 3238 1616 3294 8
1627 3240 1696 3293 iuter
1708 3253 1800 3294 sacras

167 3308 228 3365 Vita
251 3309 337 3365 eidem
363 3309 500 3365 Honorato
520 3318 594 3364 certe
616 3309 791 3378 adiudicanda
811 3316 862 3361 est.
888 3306 954 3362 iitae
1004 3307 1099 3364 Hilarii
1113 3309 1234 3377 episcopi
1247 3323 1326 3364 curas
1339 3311 1446 3372 retulit,
1463 3309 1608 3363 sacerdotes
1625 3306 1728 3362 Domini
1748 3325 1801 3364 nott

168 3378 249 3449 ltttjns
268 3390 362 3434 auctor
380 3381 463 3447 ipsius
486 3379 578 3434 ililarii
599 3379 733 3447 exsequiis
753 3377 893 3442 interfuit,
918 3390 951 3432 ex
1004 3376 1089 3433 solutu
1101 3378 1249 3447 serbis‚scd
1262 3378 1489 3449 {octisoceeuders
1491 3417 1546 3433 .....
1561 3379 1641 3447 dique
1654 3378 1802 3441 mandetis

166 3448 288 3515 capii,
307 3450 352 3502 ulti
366 3452 447 3503 etiam
467 3449 594 3504 basilium
608 3450 737 3513 nominat,
751 3448 956 3519 tumpresbytc·
1004 3460 1154 3503 mamercus
1156 3487 1212 3506 .....
1229 3448 1362 3516 pontifices
1377 3448 1499 3504 ordinere
1506 3462 1517 3513 ,·
1533 3446 1690 3503 sacerdotes
1703 3462 1718 3501 a
1731 3463 1800 3515 pun·

166 3532 242 3580 rum,
256 3528 348 3585 postea
368 3532 444 3582 vero,
465 3532 526 3572 cnm
539 3518 685 3583 scribebat,
704 3520 955 3586 episcopumque
1006 3518 1546 3585 titioibosdistinguens,seeerdutumsoce
1555 3516 1729 3598 presbyteros
1739 3531 1801 3587 pro·

168 3584 300 3641 Honorati
315 3586 486 3640 Massiliensis
506 3587 577 3639 etati
596 3601 648 3640 non
672 3597 830 3654 repugnant.
847 3588 881 3639 tlt
900 3600 954 3640 nott
1006 3585 1078 3642 lecto
1100 3588 1245 3646 intellexit:
1271 3599 1331 3639 curn
1346 3586 1495 3653 presertim
1519 3586 1662 3640 instructio
1675 3601 1730 3640 nou
1745 3597 1799 3642 tam

169 3665 312 3725 propterca
328 3656 371 3709 bic
381 3664 471 3709 certus
482 3659 525 3709 cst
538 3662 642 3709 auctor.
656 3655 694 3708 lta
706 3654 792 3707 tribus
803 3653 874 3708 enim
888 3666 954 3707 mss.
1006 3654 1094 3708 verbis
1104 3667 1183 3723 quam
1194 3653 1270 3707 tactis
1278 3652 1429 3707 adhibenda
1439 3653 1641 3726 llspresbpterls
1649 3666 1799 3721 cuttgruat,

169 3726 301 3792 exemptis
323 3740 383 3795 quzc
406 3725 535 3778 hactenus
563 3731 625 3777 uota
645 3731 727 3788 sunt,
743 3721 806 3789 duo,
832 3721 957 3776 videlicet
1025 3724 1185 3778 uiunacum
1197 3723 1298 3779 liilario
1317 3723 1398 3776 titum
1420 3723 1563 3793 degebant.
1579 3728 1724 3779 Auctorem
1738 3727 1799 3794 qui·

169 3795 311 3850 Lirincusc
320 3803 347 3848 et
360 3793 516 3849 Vaticanum
527 3792 639 3863 Reginae
648 3793 711 3858 ott,
719 3790 836 3846 auctoris
847 3789 957 3846 nomine
1006 3737 1070 3847 dent
1081 3792 1165 3856 lita,
1182 3793 1245 3848 licet
1259 3792 1398 3847 sacerdotis
1419 3793 1528 3848 nomine
1547 3794 1722 3864 appellatum,
1739 3809 1800 3865 prs·

170 3874 281 3930 sarem,-
295 3865 402 3919 tertium
419 3878 482 3919 vero
495 3864 662 3930 Arelatenss,
686 3862 749 3917 iicet
771 3861 892 3929 ejusdem
907 3862 958 3915 Eo-
1006 3861 1156 3986 sbrterum,
1169 3877 1230 3917 cum
1243 3862 1359 3932 scripsit,
1377 3876 1430 3917 uon
1445 3878 1511 3916 uero
1532 3866 1685 3932 episenpum
1699 3862 1796 3930 luisse,

170 3934 260 3988 elesius
273 3934 309 3987 sit
323 3936 365 3987 cui
385 3933 501 3988 llilarius
524 3933 642 4002 praeiuit,
666 3939 822 3988 nontamen
837 3930 958 3986 Honora·
1008 3930 1038 3986 Ti
1051 3931 1194 3987 lemontius
1203 3947 1236 3987 es
1251 3933 1310 3986 aliis
1323 3933 1442 4000 eiusdem
1456 3929 1523 3988 Vitae
1535 3933 1601 3987 lucis
1620 3932 1731 4003 collegit
1741 3945 1799 3990 not.

172 4011 240 4067 tum,
254 4003 301 4057 sed
315 4002 491 4058 ducentium
502 4013 638 4058 auctorem
658 4001 775 4071 praeiert,
785 4000 958 4069 quemadmo-
1007 4000 1025 4056 d
1039 4002 1065 4055 in
1080 4001 1219 4057 Hilarium.
1233 4001 1309 4070 Quod
1323 4002 1480 4057 sicredatur
1492 4003 1646 4072 episeopus,
1660 4001 1800 4060 Reveren-

172 4074 235 4126 dum
252 4074 347 4128 l’ctrtts
357 4075 453 4128 Sarius
464 4073 660 4141 stQuesnellus
670 4072 727 4142 ipse
741 4070 958 4126 uerecundam
1008 4071 1074 4126 dum
1090 4072 1187 4141 ignote
1198 4075 1271 4127 sedis
1283 4071 1439 4139 episcopum
1453 4070 1520 4126 Vite
1532 4080 1670 4127 auctorem
1684 4073 1798 4130 credere

173 4141 339 4198 Arelatensis
354 4145 528 4214 manuscripti
547 4142 687 4208 inscriptio
707 4142 804 4211 passim
826 4140 956 4208 rejicitur,
1009 4141 1074 4196 nibil
1086 4149 1159 4197 cetat
1171 4144 1235 4210 quin
1248 4141 1281 4195 ad
1297 4141 1461 4196 lionoratntn
1489 4143 1682 4197 Massiliensem
1699 4142 1797 4197 eoniu-

174 4227 207 4265 en
230 4212 301 4281 quod
323 4212 418 4268 Satius
443 4215 541 4282 putarit
559 4210 702 4266 ducentii
725 4210 834 4266 nominc
847 4210 958 4265 indicari
1009 4211 1134 4280 giendum
1151 4211 1195 4266 sil.
1214 4212 1380 4280 Quicumque
1402 4227 1466 4266 tero
1486 4211 1529 4266 bic
1545 4223 1639 4266 auctus·
1649 4211 1798 4281 judicetur,

173 4280 339 4337 Rauenuium
352 4282 547 4346 Arelatensetu,
555 4283 600 4351 qui
612 4281 714 4336 llilario
723 4280 876 4335 immediate
895 4294 958 4335 soc·
1009 4289 1084 4335 certe
1094 4295 1110 4336 a
1120 4281 1210 4336 studio
1222 4284 1311 4351 aliquo
1325 4281 1485 4336 detenuenttl
1502 4281 1608 4347 liilnril,
1624 4283 1711 4353 quoad
1726 4297 1758 4336 ea
1772 4285 1799 4337 in

173 4352 264 4406 cessit.
288 4353 425 4408 Rauennio
443 4355 515 4407 enirn
540 4351 609 4406 batte
632 4350 718 4405 Vitam
740 4350 884 4405 contenire
904 4364 957 4403 uun
1008 4351 1104 4420 quibus
1118 4353 1214 4407 Leonis
1224 4365 1364 4407 octtsoram
1378 4350 1498 4412 incurrit,
1514 4354 1632 4406 alienum
1647 4363 1701 4405 non
1716 4350 1800 4408 tuisse

174 4435 301 4491 posces
325 4422 558 4492 eocnguoscitnr,
585 4419 648 4491 quia
672 4421 698 4474 in
721 4419 814 4473 eadem
837 4420 957 4474 bissum
1009 4423 1155 4476 eanostris
1176 4420 1408 4476 observationibus
1436 4422 1462 4474 iu
1481 4421 1591 4478 dissert.
1620 4422 1798 4488 liQucsoclii

174 4492 253 4545 lsttde
266 4493 419 4546 nominator
434 4490 597 4557 Rarennius,
611 4496 673 4544 etc.
688 4489 725 4545 25
745 4488 837 4544 iiilarii
852 4502 958 4544 succes·
971 4505 998 4566 1)
1009 4499 1078 4559 pert.
1094 4504 1118 4550 t,
1137 4506 1163 4545 c.
1179 4492 1205 4559 t,
1220 4506 1246 4543 ιι.
1261 4488 1289 4556 3,
1305 4489 1381 4544 tacite
1397 4490 1539 4560 intelliges.

175 4574 253 4614 sores
268 4561 364 4627 plurali
387 4575 498 4616 numero
516 4562 696 4629 appellantur.
714 4560 752 4613 Ex
767 4557 854 4629 capite
869 4570 957 4613 autem
1049 4558 1122 4613 ilaue
1134 4558 1218 4613 Vitam
1232 4559 1347 4614 barralis
1362 4560 1458 4625 publici
1468 4560 1536 4629 juris
1551 4558 1613 4614 lecit
1630 4575 1663 4615 ea
1687 4560 1798 4630 antiqno

172 4629 210 4684 ξι
232 4631 314 4700 liquet
339 4630 408 4684 banc
422 4630 507 4684 litam
527 4630 609 4685 tuisse
633 4629 759 4696 scriptam
783 4638 958 4682 antennarum
1011 4628 1105 4684 codice
1124 4630 1277 4684 monasterii
1295 4628 1456 4691 Lirinensis,
1470 4642 1501 4684 ac
1519 4630 1616 4685 exinde
1633 4631 1732 4686 inserta
1751 4633 1798 4688 luit

172 4701 262 4770 spatiis
275 4701 380 4754 evolutis
399 4709 459 4766 post
472 4698 566 4754 lltlurtl
580 4708 704 4761 mortem,
720 4699 746 4752 id
760 4708 803 4753 cst
816 4698 866 4752 sub
879 4699 957 4752 ditem
1011 4700 1111 4753 ultimae
1118 4698 1189 4755 Surii
1198 4698 1619 4754 etlltiout.samuenrectteerunt
1628 4699 1798 4759 bluttutsus

173 4769 265 4834 seculi
279 4784 305 4833 v,
317 4784 377 4824 cum
395 4770 546 4824 ilauenmus
561 4769 664 4837 jamdiu
677 4777 739 4823 aute
751 4783 767 4821 e
779 4769 846 4820 siris
865 4782 959 4823 esces·
1011 4782 1072 4823 cum
1085 4768 1316 4824 emendationibus
1329 4768 1546 4837 enodiccreginsc
1556 4767 1703 4825 Succorum
1714 4813 1721 4836 ,
1732 4788 1798 4843 quas

173 4840 248 4892 serit.
261 4839 420 4906 Quiesncllus
430 4838 582 4908 suspicatur
591 4838 755 4892 Honoratum
764 4836 957 4892 Massiliensem
1012 4848 1088 4906 pater
1103 4838 1229 4893 Possittus
1244 4839 1277 4893 ad
1296 4839 1367 4904 ipsos
1383 4839 1463 4894 misit.
1477 4840 1636 4905 Quosnellus
1647 4841 1671 4894 itt
1684 4855 1730 4896 sun
1743 4843 1799 4896 edi·

173 4906 387 4965 subRetercntii
401 4910 509 4963 nomine
524 4910 606 4962 latere
622 4908 749 4973 enituisse,
763 4917 793 4960 ut
806 4907 867 4960 aliis
887 4908 959 4976 ejus·
1012 4908 1084 4962 tione
1102 4907 1195 4964 codice
1210 4909 1358 4963 Arelatensi
1373 4922 1438 4963 usus
1457 4917 1509 4964 ess.
1525 4907 1580 4964 Nos
1595 4910 1736 4976 plurimum
1751 4913 1799 4965 de·

173 4976 235 5032 dem
256 4980 305 5032 anei
322 4991 350 5034 ct
373 4980 489 5047 regionis
506 4977 681 5045 scriptoribus
704 4978 811 5045 placuit.
835 4975 869 5030 Αι
886 4978 958 5032 nulia
1012 4977 1263 5047 bemusdtligentiae
1279 4977 1355 5032 inb.
1374 4976 1796 5035 loannissnltnuscsnunicirc-
1886 5009 1888 5012 ν

173 5047 290 5103 ecmrrlt
305 5050 429 5103 ratiocnr
443 5048 604 5113 Honoratus,
618 5047 640 5101 si
653 5046 719 5100 llitae
731 5047 894 5115 auotortuit,
906 5060 959 5102 non
1009 5048 1111 5171 {tutaris
1130 5046 1333 5114 Lutersnemis,
1355 5048 1401 5118 qui
1418 5048 1541 5103 camdem
1561 5048 1647 5103 llitam
1665 5048 1799 5119 impressu

175 5124 228 5169 tatu
247 5116 330 5172 latere
347 5133 425 5186 quam
449 5118 591 5172 candetum
613 5130 710 5171 nomen
730 5117 803 5185 operi
821 5119 960 5183 prattgere
1035 5131 1103 5171 omae
1117 5133 1162 5172 au.
1179 5115 1258 5172 atsi.
1269 5116 1326 5171 Nun
1338 5120 1424 5172 solum
1441 5120 1514 5172 enim
1529 5119 1650 5173 laudatas
1665 5122 1798 5174 editiones

173 5185 299 5251 voluerit,
313 5200 375 5241 cum
390 5188 536 5253 prasertim
547 5185 583 5241 de
601 5185 657 5240 Vita
673 5194 765 5254 agatur
778 5199 850 5254 quae,
860 5186 959 5256 juano·
1011 5187 1144 5249 recoluit,
1165 5200 1258 5241 serum
1275 5187 1355 5241 etiam
1371 5186 1570 5242 acccuratissime
1592 5190 1728 5242 cuttsuluit
1744 5202 1794 5242 ms.

174 5256 249 5308 suas
267 5257 449 5311 meatitibus
465 5265 594 5320 caesata,
610 5268 639 5310 ut
652 5256 680 5310 iu
694 5255 958 5325 prooeutiutraditur,
1011 5255 1072 5310 Vat.
1087 5256 1196 5327 Reginca
1218 5255 1281 5318 dis.
1295 5256 1338 5324 qtti
1361 5267 1451 5312 utrutu
1473 5258 1567 5311 sititis
1583 5259 1654 5312 idern
1671 5272 1749 5326 qttetn
1766 5258 1797 5311 Ρ.

174 5338 268 5406 terunt
280 5336 418 5381 auctorem
430 5326 489 5381 aliis
501 5326 634 5397 cognitum
645 5325 738 5400 alieno
750 5325 858 5381 nomine
870 5325 961 5381 oeeul·
1011 5324 1138 5381 Possiuus
1151 5325 1221 5395 apud
1232 5326 1353 5382 eamdem
1364 5329 1483 5396 reginam
1501 5337 1563 5381 tunc
1577 5329 1710 5383 riucuteta
1724 5327 1799 5383 iute-

175 5402 226 5448 tart
240 5408 292 5450 non
306 5395 423 5452 sinebat.
1012 5396 1061 5459 uit,
1076 5411 1110 5450 au
1124 5396 1257 5460 diversus,
1273 5395 1418 5466 ignoratur·
1742 5440 1747 5449 .

211 5465 279 5520 ilinc
296 5476 371 5522 recte
387 5466 508 5524 tortassis
519 5465 664 5521 cardinalis
678 5465 820 5530 Batonius,
836 5464 959 5531 Miraeus,
1047 5464 1185 5532 Ι(ὶιιιιιιη
1195 5480 1227 5519 uc
1241 5464 1514 5536 iuupsrs...supplere
1525 5465 1667 5537 mquidem.
1678 5464 1796 5523 liniat.

175 5544 203 5587 et
213 5533 412 5604 Papebroebius
422 5537 448 5590 iu
456 5535 634 5605 suspicionem
644 5544 787 5602 venerunt,
796 5533 959 5591 bruelium
1011 5532 1078 5604 iieg.
1093 5545 1121 5589 et
1133 5533 1313 5589 Bollandistas
1327 5536 1413 5590 secuti
1426 5549 1530 5590 sumus.

175 5602 320 5660 Resncntii
341 5606 449 5661 numine
471 5605 635 5674 inscriptam,
650 5618 710 5661 csse
720 5604 855 5660 diversam
868 5607 902 5659 ab
914 5605 960 5660 illa
1045 5605 1060 5645 b
1073 5602 1159 5659 Cudd.
1172 5603 1257 5659 Lirin.
1270 5611 1297 5658 et
1309 5603 1367 5662 iat.
1379 5604 1458 5675 iicg„
1470 5604 1536 5660 niuei
1548 5605 1657 5660 nitorem
1666 5608 1762 5665 uultus·

174 5682 256 5743 quam
267 5672 404 5730 ilonorato
416 5673 574 5730 Massiliensi
586 5674 808 5744 antiquusauetor
822 5675 890 5743 apud
902 5675 960 5730 tui·
1047 5685 1059 5715 ι
1073 5673 1170 5739 Lirim,
1181 5674 1345 5728 solutorem.

177 5754 266 5815 gaeum
292 5744 461 5801 Gennadium
486 5744 623 5809 attribult;
647 5755 675 5802 et
696 5742 858 5801 uetersntlu
881 5745 959 5802 nobis
1046 5743 1140 5800 eun.
1157 5742 1230 5798 tirel.
1246 5752 1274 5800 et
1289 5742 1349 5804 lat.
1450 5757 1457 5761 ⁴
