4009 6184
152 363 222 420 llll!
597 356 835 419 conii-tidinari
856 355 890 415 td
909 354 1032 417 tultus
1051 358 1183 417 neuun.
1203 358 1267 419 titt.
1288 360 1332 418 iii.
1714 364 1783 421 lldd

153 489 281 548 ptnmqne
296 487 362 546 utos,
372 474 405 526 ad
417 470 598 543 adjtrsuudtun
612 486 641 527 se
655 471 779 527 omnibus
793 470 850 540 ejus
865 470 940 526 inre-
955 470 977 529 Α
992 484 1083 526 rorum
1098 471 1144 539 qui
1160 480 1213 526 tam
1231 472 1310 529 docte
1324 480 1417 529 uomet
1437 472 1562 530 reiellere
1575 489 1680 530 errores
1694 479 1785 547 gesti·

152 552 225 604 suerit
237 546 367 607 animum,
384 545 419 597 ita
434 551 462 597 ot
476 543 592 599 artifices
613 543 651 598 illi
665 552 692 597 et
707 544 776 612 ligna
792 552 819 595 et
832 556 939 602 aurum,
993 539 1071 605 lium,
1092 556 1172 611 quum
1191 543 1240 612 ipsi
1263 545 1298 597 sd
1321 543 1400 599 sidem
1421 548 1544 600 crinem}
1565 548 1688 616 genitia,
1705 558 1730 600 et
1751 563 1785 603 η

153 626 236 684 pient
248 630 316 685 opus
337 614 462 676 urbemi,
477 612 592 679 dederit,
616 612 694 681 cujus
709 612 832 669 belisarii
854 609 940 681 grstia
989 612 1118 679 qeutilius
1132 610 1194 667 lacti
1214 613 1371 669 christiani.
1389 614 1492 672 Sidonii
1513 630 1632 686 namque
1651 626 1679 671 et
1697 616 1783 689 Tyrii,

147 688 281 744 'Salomon
304 687 330 740 ei
351 699 400 754 per
420 697 506 738 anuos
526 683 648 754 singulos
668 682 711 752 plu
728 683 797 738 'mos
810 682 890 736 tritici
913 690 941 736 et
992 680 1054 748 quia
1068 682 1208 752 gentilium
1222 684 1331 741 luerunt
1345 685 1448 756 popuii,
1465 685 1602 747 meritoin
1618 687 1705 757 ligura
1718 703 1785 759 qen·

145 759 248 813 ltordei
261 768 352 819 coros,
367 755 394 808 in
409 754 499 809 eibum
519 752 611 809 domui
632 753 690 821 ejus
703 754 736 806 da
774 762 792 806 t.
810 751 880 807 Nulli
893 766 942 804 au·
992 754 1059 805 tium
1074 749 1254 824 acclpiuotur.

153 840 208 884 tem
221 829 330 884 dubimn
344 825 415 895 quod
433 823 561 881 salomon
574 823 619 889 qni
639 826 832 891 iuterpretatur
846 821 942 876 Puciii·
1030 821 1061 876 l.
1075 821 1204 879 Numeros
1217 841 1350 893 retorem,
1366 825 1521 893 portantium
1537 843 1625 895 orma,
1645 836 1698 882 etc.
1713 825 1780 889 Cap.

152 914 213 964 nne,
228 900 327 966 etipse
342 894 451 949 nomine
471 902 499 949 et
517 894 692 949 serenissime
706 892 782 958 repeti
801 892 938 958 sinistam,
991 907 1028 946 rt.
1044 920 1080 934 -
1093 892 1170 958 Quod
1189 907 1282 951 autern
1296 911 1392 953 serres
1414 910 1479 951 uros
1496 895 1622 953 Saluium
1645 909 1739 967 nister
1755 899 1781 953 iu

153 970 228 1025 illrum
246 966 389 1036 siqnilieet,
404 965 439 1018 de
457 978 511 1031 quo
525 962 607 1018 isaias
618 964 707 1017 dixit:
726 961 941 1032 Hndiplicniitur
991 960 1125 1032 hocopus
1146 964 1259 1027 utiserit.
1283 967 1309 1020 in
1331 967 1506 1034 astruentibus
1524 982 1549 1021 m
1570 970 1639 1023 atico
1654 983 1781 1024 sermone

152 1042 211 1111 rjus
223 1036 369 1103 imperinm,
384 1042 408 1088 cs
420 1034 491 1100 poris
505 1035 612 1088 sonuit
624 1034 686 1103 pitis
701 1032 769 1103 (lta.
783 1031 833 1103 rt).
850 1032 939 1087 llirstn
991 1030 1158 1099 designatur,
1180 1047 1241 1088 cnm
1257 1037 1355 1091 dicitur
1371 1034 1528 1107 :Elcpitqae
1547 981 1671 1095 §alcmon
1685 1054 1780 1103 opac-

145 1124 219 1164 -sero
230 1110 275 1176 qui
290 1107 384 1162 Latium
397 1103 496 1159 dicitur
510 1102 607 1159 livens
621 1104 739 1168 excelse,
752 1105 895 1158 cretlsutcs
907 1116 940 1155 ns
990 1104 1044 1157 rios
1057 1102 1089 1156 de
1100 1105 1170 1156 omni
1184 1101 1278 1170 lirun,
1294 1116 1318 1160 ct
1336 1115 1391 1170 crct
1410 1106 1517 1160 indictio
1531 1108 1636 1177 triplum
1649 1109 1732 1161 millia
1744 1110 1780 1162 ni·

151 1181 280 1250 genitibus
297 1177 389 1230 etrita
404 1174 483 1228 simul
496 1187 558 1228 cum
579 1173 632 1229 ilde
644 1172 778 1242 gloriosos
794 1173 941 1243 llyitraiiter
990 1186 1088 1233 rorsstt,
1102 1174 1265 1238 mitteituque
1278 1191 1321 1229 eos
1337 1176 1364 1228 itt
1383 1173 1509 1230 Litorium
1530 1175 1615 1231 decem
1634 1178 1717 1231 stillio
1734 1193 1781 1249 prr

152 1251 288 1318 exprimit.
303 1246 396 1316 Neque
414 1244 515 1310 aliquid
530 1243 655 1312 prohibet
673 1243 739 1314 quin
759 1242 860 1303 iliram,
876 1256 940 1311 qiua
991 1256 1091 1296 merses
1108 1244 1224 1313 stipulor
1242 1245 1361 1301 riciarius.
1377 1246 1413 1297 itu
1434 1254 1461 1299 st
1475 1246 1576 1300 danius
1595 1247 1721 1301 nmnsiius
1739 1263 1780 1302 es·

152 1335 200 1376 res
215 1326 284 1384 erat,
304 1317 441 1386 regalique
459 1315 575 1381 poteritis
590 1313 761 1367 Salomonem
777 1312 804 1367 ltt
826 1312 941 1367 adiuero
990 1321 1046 1365 sent
1060 1312 1087 1365 itt
1101 1314 1218 1369 dentibus
1230 1318 1295 1370 sois.
1314 1315 1363 1370 unt
1378 1315 1464 1384 primo
1479 1313 1624 1371 notnidnrn
1638 1317 1710 1386 quod
1724 1332 1777 1371 nott

151 1392 249 1444 domus
264 1387 367 1442 omnini
377 1383 497 1452 jurabat,
513 1396 660 1439 munerans
670 1384 704 1438 ad
718 1383 799 1437 iidem
812 1384 885 1450 ipsus
897 1398 941 1437 re-
987 1382 1090 1439 irustra
1105 1381 1232 1439 Salinatori
1246 1386 1384 1447 operarios
1399 1385 1433 1440 do
1445 1385 1517 1441 omni
1532 1385 1613 1442 lsrael
1626 1386 1718 1457 elegit,
1733 1402 1780 1441 oe-

152 1476 213 1516 ruru
228 1459 351 1514 dominos
366 1454 454 1527 typice
467 1453 617 1516 denuntiet.
632 1467 747 1522 quorum
767 1467 819 1522 ope
834 1461 941 1507 emetat
989 1465 1043 1521 que
1054 1461 1111 1506 crat
1127 1454 1179 1507 ulla
1202 1456 1289 1521 portio
1305 1456 1406 1525 pupuli,
1421 1455 1457 1510 de
1470 1470 1522 1525 qua
1542 1471 1596 1511 non
1615 1454 1688 1524 digni
1704 1465 1781 1512 tuoto

154 1530 302 1585 Ecclesiam
326 1528 424 1595 sapius
442 1523 562 1592 adiutam
584 1539 617 1579 sc
638 1523 766 1579 nobiliter
782 1536 942 1593 aoqmetna·
989 1535 1074 1588 oriere
1087 1523 1137 1577 viri
1150 1535 1370 1581 assumerentur:
1386 1525 1446 1594 quia
1458 1525 1584 1581 nimirum
1598 1541 1650 1580 non
1664 1541 1734 1581 nunc
1744 1528 1779 1581 de

153 1611 220 1665 tam,
241 1609 271 1653 et
296 1600 354 1665 ejus
378 1594 531 1663 narniens,
556 1594 743 1649 scommatum
763 1600 792 1647 et
811 1607 938 1664 ytsqsnns,
991 1606 1043 1646 una
1056 1593 1141 1658 stirpe
1157 1596 1247 1650 Aaron
1270 1595 1426 1650 sacerdotes
1446 1597 1572 1663 eligendi,
1595 1594 1643 1651 sed
1659 1595 1692 1651 de
1706 1599 1778 1651 mitrii

151 1667 345 1741 principalibus
363 1675 470 1722 erectus
485 1679 546 1719 esse
562 1664 688 1719 decretis.
705 1664 774 1717 Petit
786 1679 850 1733 erqo
865 1664 941 1719 sans
991 1670 1056 1716 sunt
1076 1664 1196 1719 liet-lesia
1213 1665 1362 1734 quaerendi,
1380 1664 1424 1734 qni
1448 1665 1582 1722 adiilcare
1601 1665 1710 1721 domum
1726 1668 1779 1720 lliu-

152 1754 216 1795 mon
228 1743 256 1793 in
269 1752 352 1808 opere
371 1736 461 1805 templi
481 1735 610 1790 amittunt
630 1735 665 1790 ab
680 1734 782 1796 iliram,
801 1734 865 1805 quia
878 1748 939 1788 cum
990 1733 1071 1797 mini,
1087 1733 1130 1789 rel
1141 1735 1266 1801 etctuplo
1288 1750 1338 1790 suo
1356 1738 1396 1789 rel
1411 1736 1484 1791 dicio
1505 1735 1650 1803 sufficiant,
1665 1748 1693 1793 et
1716 1736 1776 1792 nui·

152 1812 270 1866 veniens
282 1809 308 1862 in
319 1821 400 1863 carne
415 1807 544 1861 llormuua
557 1805 681 1861 dilectam
694 1805 746 1860 sliri
761 1806 882 1871 donnum
899 1804 939 1859 ri·
954 1828 978 1889 B
991 1816 1107 1874 cumque
1126 1802 1229 1861 liuenti
1252 1807 1349 1861 lucrint
1368 1820 1430 1861 mos
1450 1807 1476 1860 in
1499 1806 1617 1862 tuditan
1636 1809 1777 1864 doetnnnu

152 1881 253 1935 delicet
269 1878 416 1934 Ecclesiam
431 1877 566 1931 aedificare
580 1878 746 1944 disponeret,
770 1888 824 1930 non
846 1874 881 1929 de
892 1873 939 1930 Ju-
991 1870 1095 1942 altsque
1109 1874 1163 1928 ulla
1175 1891 1349 1944 personmutn
1362 1875 1517 1945 acceptione
1533 1878 1723 1946 promorettdi;
1739 1887 1778 1931 ta·

152 1949 221 2006 deris
232 1948 424 2014 tantummodo,
438 1961 532 2003 rerum
553 1946 634 2001 etiam
646 1945 681 2002 de
698 1946 823 2016 gentious
835 1944 940 2014 adjuto·
991 1942 1086 2014 leoque
1098 1958 1159 1999 curn
1176 1946 1210 2000 ad
1232 1946 1394 2002 erudiendus
1414 1947 1533 2003 initdelcs
1547 1956 1575 2002 at
1585 1963 1628 2015 nte
1654 1949 1679 2002 in
1694 1949 1778 2003 colle·

151 2034 199 2077 res
212 2021 302 2088 operis
320 2019 417 2089 cleqim
441 2031 502 2072 uam
517 2017 551 2072 de
564 2024 678 2086 utroque
691 2017 790 2085 pupulo
801 2017 940 2071 ministros
987 2014 1063 2084 qiuut
1084 2015 1211 2071 Ecclesia
1227 2018 1364 2072 iocandm
1388 2017 1559 2082 ordinantur,
1580 2019 1656 2086 qnasi
1671 2021 1703 2073 ad
1725 2034 1778 2073 ca·-

152 2091 287 2147 scrmottis
301 2089 455 2159 assumpsit.
470 2087 542 2142 liisit
565 2087 654 2141 iliram
670 2085 808 2143 Salomoni
827 2089 939 2156 precisa
989 2084 1094 2140 decidas
1109 2085 1135 2140 io
1149 2084 1251 2141 libano
1264 2087 1391 2145 materias
1405 2087 1497 2156 templi
1510 2088 1562 2143 riri
1577 2091 1679 2143 strennui
1695 2100 1775 2157 utqite

152 2160 190 2216 tle
202 2162 304 2216 Libano
319 2159 387 2229 liqna
402 2158 509 2213 cedrina
524 2165 553 2212 et
564 2156 688 2227 abiegna,
702 2172 763 2227 quoe
782 2158 808 2211 in
828 2158 939 2212 domum
990 2154 1069 2209 electi
1085 2158 1236 2212 mittuntur.
1259 2156 1389 2227 Equidem
1402 2172 1539 2221 uumerus,
1555 2158 1661 2229 triginta
1682 2159 1776 2223 nuidis,

152 2230 263 2286 liominl
283 2237 464 2300 ponerentur:
480 2227 542 2298 qnia
565 2241 695 2283 contessa
714 2227 849 2297 pestilitas
866 2226 940 2282 misit
990 2238 1044 2294 qno
1058 2224 1139 2281 iidem
1154 2226 1218 2296 liqui
1234 2241 1351 2282 cesores
1369 2229 1559 2295 cancellantur,
1574 2238 1661 2297 pruno
1675 2230 1708 2281 nil
1730 2244 1776 2284 co·

151 2303 189 2356 ad
206 2302 346 2357 llomiunm
357 2297 619 2368 virosqnondtmad
638 2298 939 2363 smiinnctarnnsed
991 2309 1051 2350 rum
1062 2296 1173 2367 llqttram
1188 2305 1250 2366 apto
1264 2297 1421 2367 rolerri,qui
1436 2299 1462 2353 in
1476 2300 1528 2353 lide
1543 2310 1642 2355 strictas
1656 2299 1774 2354 Trinita·
1864 2359 1870 2368 ,

151 2372 243 2427 oeeuri
256 2371 401 2426 ssoniiaiese
414 2368 604 2438 increpationis
616 2367 651 2421 dc
663 2378 754 2423 ntoutc
774 2382 831 2424 suae
844 2384 939 2437 super·
991 2366 1026 2420 tis
1038 2377 1100 2421 terit
1115 2367 1235 2435 perlecti,
1247 2367 1321 2437 qttod
1342 2368 1496 2424 doctoriltns
1512 2370 1628 2425 masline
1643 2372 1776 2439 cnoqriiit.

152 2442 270 2511 lsiaejam
278 2442 397 2508 dejectos
407 2447 436 2494 et
446 2438 608 2502 humiliatos,
621 2437 709 2507 qnisd
723 2453 844 2493 normam
856 2453 940 2494 eran·
990 2434 1165 2503 Verumquia
1180 2438 1287 2507 triqirna
1300 2438 1335 2491 ita
1350 2447 1428 2493 orant
1438 2438 1569 2503 onlinata,
1587 2450 1616 2494 ut
1629 2440 1697 2494 dena
1713 2441 1775 2494 mil·

151 2511 376 2583 gelieaereritatis
390 2511 514 2572 instituti,
525 2508 552 2564 in
563 2506 677 2563 redidcio
686 2508 815 2564 &alesia
830 2524 878 2579 pro
888 2523 939 2563 sno
990 2506 1025 2559 lia
1040 2521 1089 2576 per
1110 2521 1217 2562 tneosm
1230 2507 1351 2578 singulos
1372 2513 1447 2576 operi
1464 2523 1514 2564 suo
1535 2511 1678 2569 instarent.
1693 2512 1777 2578 magis

152 2584 255 2653 qunque
267 2580 364 2636 merito
375 2588 404 2636 et
415 2586 537 2649 ternpore
546 2579 756 2634 collocarentur.
770 2579 842 2634 llisit
856 2581 938 2634 etiam
989 2576 1093 2632 denari
1113 2578 1218 2633 nutrieri
1240 2589 1438 2634 sacmmemum
1457 2581 1622 2647 perpendere
1633 2580 1774 2635 delientns.

151 2653 284 2719 arsillces,
297 2652 359 2720 qula
380 2664 525 2706 eonrorsss
542 2649 681 2704 adseram
700 2649 858 2718 sapientiam
880 2649 939 2719 plal-
989 2646 1064 2702 Iiena
1078 2662 1194 2717 namtyue
1212 2649 1295 2704 millia
1319 2651 1436 2705 uirorum
1451 2649 1486 2704 de
1498 2649 1579 2706 lsrael
1604 2653 1636 2706 ad
1649 2650 1776 2707 eruenda

152 2722 292 2787 insopitus.
306 2723 353 2793 qui
373 2720 457 2791 qratia
472 2719 631 2776 eruditionis
654 2720 760 2787 populis
776 2734 882 2790 quoque
896 2735 939 2776 re-
990 2717 1062 2786 ligna
1085 2717 1200 2788 inopus
1222 2718 1318 2774 domus
1337 2718 1443 2775 Domini
1467 2720 1619 2784 mittuntur,
1641 2722 1703 2791 qnia
1718 2724 1777 2790 qui·

150 2794 249 2864 pendis
261 2794 322 2863 jure
336 2799 566 2863 praeponerentur,
580 2790 692 2844 Domitio
705 2789 843 2859 gentilitas
856 2791 938 2845 outn-
988 2802 1106 2857 ermque
1115 2788 1242 2846 doctores
1255 2798 1336 2858 atque
1347 2789 1529 2859 insipientium
1547 2793 1699 2847 eruditores
1712 2800 1775 2845 suin

152 2863 312 2934 lit:quaiis
326 2862 392 2932 ipsis
411 2864 593 2933 apostolorum
609 2860 776 2929 temporibus
795 2860 939 2932 Dionysius
989 2858 1144 2926 ordinandi,
1156 2860 1250 2916 decem
1284 2872 1398 2930 recepto
1418 2861 1495 2929 legis,
1516 2869 1542 2915 et
1559 2863 1608 2931 ipsi
1658 2861 1775 2917 reninis

152 2934 327 3004 Areopagita,
342 2932 431 3003 qualia
453 2932 581 2999 deinceps
598 2930 693 2985 doctor
715 2930 890 2986 suatimirntrs
910 2938 939 2987 et
988 2930 1146 2995 diurnare,
1167 2938 1233 2986 eta
1273 2929 1384 2985 itorlltus
1403 2932 1460 2986 suis
1480 2931 1578 2986 dehent
1604 2948 1622 2985 o
1655 2930 1776 2986 errando

152 3003 317 3058 {unissimus
330 3013 432 3074 martyr
448 3001 608 3073 Cypriatms,
621 3002 722 3071 aliique
735 3002 935 3070 quamplurimi.
988 3007 1151 3061 momtrsre.
1166 3000 1215 3056 sed
1225 3009 1253 3055 et
1263 3002 1373 3068 peretola
1387 3001 1413 3056 in
1429 3000 1505 3056 coelis
1520 3001 1606 3056 lutura
1620 3016 1681 3071 qum
1692 3001 1776 3058 derta-

151 3074 264 3129 llicitet
275 3088 381 3138 aarum,
396 3075 466 3143 quod
478 3074 506 3127 in
527 3072 621 3128 cadem
635 3069 828 3141 siquillcatione
839 3072 938 3140 accipi·
987 3072 1029 3124 riu
1039 3069 1255 3140 somotssqmari,
1267 3080 1293 3125 et
1304 3070 1354 3140 ipsi
1368 3087 1490 3141 sperare,
1504 3079 1532 3127 et
1541 3072 1710 3130 auditoribus
1718 3073 1776 3128 auia

152 3155 211 3210 tur,
226 3144 287 3215 quia
302 3145 426 3199 uirnirum
437 3143 511 3197 siros
522 3142 692 3211 snpientiaet
703 3142 810 3212 inqcnio
822 3143 937 3212 praeia-
985 3141 1121 3211 ,speranda
1134 3141 1385 3211 surriperintimare.

29 3260 33 3275 ‚
150 3214 348 3279 rosusteedi13
363 3202 974 3284 proqniltusoltlationilruseeuctagentili-C
1026 3209 1107 3266 Terni
1127 3221 1216 3265 autem
1242 3225 1360 3280 menses,
1377 3225 1491 3283 quorum
1516 3211 1640 3268 durantia
1664 3213 1776 3283 singulis

151 3296 196 3338 tas
209 3299 224 3339 a
238 3284 350 3340 domino
371 3284 440 3339 dona
454 3289 593 3352 exspectat
611 3280 705 3353 qratia
718 3283 847 3351 emimus,
868 3283 940 3339 triti·
990 3293 1049 3337 erat
1078 3281 1210 3350 liquorum
1238 3281 1387 3337 caesoribus
1413 3283 1553 3351 imposita.
1583 3281 1775 3352 perlectionem

150 3369 216 3410 cunt
242 3355 368 3411 uidelicet
392 3354 466 3408 rcrlri
493 3355 555 3419 liei,
583 3362 612 3408 ct
636 3353 724 3406 oleum
750 3352 890 3409 charitatis
911 3363 939 3410 et
990 3354 1072 3407 trium
1096 3354 1224 3406 uirtutum
1248 3351 1466 3422 Euangelicsrum
1490 3353 1578 3422 typice
1604 3352 1775 3422 denuntiant,

149 3425 297 3491 unctionis,
311 3434 391 3494 atque
406 3423 611 3480 illuminationis
624 3422 849 3504 Spirituslsancti.
864 3422 937 3480 Cos·
989 3421 1170 3505 eleemosynae
1184 3420 1320 3503 uidelicet,
1333 3423 1464 3479 nrntiouis
1474 3435 1500 3478 et
1508 3423 1603 3494 ieiunii
1613 3440 1621 3489 ;
1630 3439 1690 3480 cum
1704 3426 1776 3481 enim

150 3499 236 3578 venit¹
253 3505 315 3564 apte
335 3497 423 3575 rebus·
439 3494 578 3577 Ecclesia,
601 3494 674 3559 quod
694 3494 823 3593 scaritum
848 3496 939 3566 operis
988 3493 1104 3575 dixisset
1119 3494 1246 3547 uolumus
1263 3493 1290 3574 in
1313 3492 1483 3564 Erarqollo:
1502 3493 1634 3576 ᾼιιιιιάιιι
1655 3495 1775 3580 seiani·

149 3564 589 3708 “nitidisnitidis
604 3562 936 3702 {llildsnnmn
988 3560 1623 3702 linit:similitutudinis
1637 3565 1776 3691 titini

146 3715 178 3760 et
190 3708 254 3761 seri
265 3708 314 3760 mei
327 3705 379 3760 dut
391 3723 449 3759 cans
469 3706 549 3761 serait
562 3704 623 3758 tuis.
640 3703 717 3759 Serri
734 3704 832 3785 quippe
847 3705 937 3760 iliram
988 3718 1069 3773 quatu
1084 3703 1276 3772 eleemosyna,
1287 3702 1417 3759 orationis
1430 3713 1458 3758 et
1468 3703 1573 3773 ieiunii,
1587 3703 1775 3761 lecitrucmio·

147 3776 199 3845 qui
213 3777 393 3845 prandebant
405 3779 502 3831 cedros
513 3774 648 3829 Saloatum
661 3774 695 3828 de
716 3773 829 3839 Libano,
845 3775 939 3830 duero-
989 3786 1063 3836 trem,
1076 3787 1136 3843 quse
1151 3785 1205 3825 nen
1225 3771 1261 3826 ad
1278 3772 1417 3828 iiontinom
1440 3774 1659 3838 ostentationem,
1672 3774 1720 3830 scd
1740 3774 1774 3830 ad

149 3861 197 3900 res
210 3857 271 3902 sunt
289 3848 366 3904 electi
391 3846 425 3901 de
444 3846 580 3916 genubus,
595 3858 708 3913 quorum
720 3844 804 3898 oliicii
821 3855 873 3912 est,
889 3860 938 3902 eos
979 3845 1073 3900 *marn
1092 3842 1192 3898 interni
1214 3840 1375 3913 inspectoris
1389 3853 1481 3899 essem
1501 3843 1615 3915 gloriam
1636 3842 1773 3912 lucieuda;

29 3961 31 3986 ι
147 3919 243 3986 quiin
266 3919 318 3971 hoc
335 3915 845 3984 mundorebusctqlcrialsrtabaotur,
863 3930 938 3971 asu-
988 3912 1773 3997 siioquittatrucidaternitatisracnamanerent.Qulirns
1871 3924 1876 3931 ’

149 3986 252 4056 peritia
265 3991 334 4042 tastu
352 3988 512 4056 emergendo
532 3996 666 4052 sternere,
680 3994 761 4054 atque
773 3985 808 4040 ad
823 3985 876 4040 hinc
893 3999 939 4042 ae-
988 3985 1080 4041 seron
1103 3991 1198 4054 aperte
1215 3982 1307 4039 docuit
1332 3998 1428 4041 omnes
1451 3987 1578 4040 uirtutum
1601 3984 1706 4040 tructus
1731 3985 1774 4041 liis

148 4060 267 4112 wadum
278 4058 319 4112 sui
332 4056 519 4125 liedemptoris
530 4070 630 4117 eorum
639 4053 866 4138 rota'trnnsierre,
875 4070 936 4111 eum
988 4055 1073 4138 tribus
1084 4054 1161 4138 qnasi
1173 4051 1355 4136 ramisdcunt
1366 4054 1505 4110 charitatis
1518 4055 1609 4110 radice
1622 4056 1775 4125 prodeunti·

146 4127 249 4196 quilius
262 4127 387 4184 videncet
399 4129 486 4184 serris
504 4133 583 4183 erun
595 4139 621 4181 et
639 4141 710 4182 serrt
726 4124 890 4195 Salomonis,
904 4141 938 4183 ac
987 4125 1038 4180 ltus
1055 4139 1197 4181 nuttiaart.
1220 4121 1274 4180 Per
1291 4124 1494 4197 eleemosynam
1513 4140 1627 4196 namque
1652 4141 1774 4195 eompre-

149 4198 253 4266 parlter
273 4210 422 4254 mensurato
442 4198 577 4254 instabant
596 4199 670 4267 opcri
685 4214 693 4251 ι
706 4196 770 4266 quia
794 4196 874 4267 primi
892 4197 939 4253 do·
988 4195 1144 4251 heuduutur
1165 4194 1257 4250 omnia
1277 4210 1337 4264 qum
1360 4195 1394 4252 ad
1413 4197 1585 4252 dilectionem
1600 4197 1714 4266 proximi
1726 4213 1774 4252 es·

149 4275 242 4325 ctnrcs
253 4260 286 4324 ex‘
296 4269 419 4338 qcrttibus
431 4283 542 4324 rimasse
552 4267 687 4323 hauebant
697 4269 815 4335 ipsorum
825 4276 936 4337 aposto·
987 4267 1104 4337 plemus,
1113 4265 1243 4322 benevole
1251 4265 1278 4321 in
1290 4266 1387 4322 iratres
1397 4277 1549 4337 operantes,
1563 4283 1609 4332 per
1621 4268 1773 4326 orationem

147 4338 249 4405 lorum,
265 4340 313 4410 qui
327 4355 342 4395 a
358 4339 472 4394 Duutino
486 4339 636 4394 didicerunt
648 4337 799 4393 eruditione
813 4338 839 4391 in
855 4339 937 4395 serbo
987 4336 1079 4393 omnia
1094 4336 1190 4407 quibus
1205 4350 1253 4406 pet
1275 4338 1407 4393 internam
1428 4338 1660 4408 compensationem
1680 4349 1774 4395 nostro

29 4389 31 4478 f
146 4408 339 4473 ildeiinstitni,
359 4425 393 4465 tic
412 4412 435 4464 si
451 4410 552 4479 absque
571 4407 816 4479 rusyistrisducere
835 4409 937 4477 incipe·
986 4407 1127 4465 Conditori
1149 4407 1345 4475 ootijtrtrqimur,
1364 4423 1411 4475 per
1422 4406 1553 4477 jejttuium
1575 4409 1776 4476 omnisquibus

147 4489 220 4544 rent,
235 4480 353 4550 magistri
366 4481 516 4536 existerent
527 4480 643 4544 erroris;
659 4478 759 4533 idcirco
773 4478 872 4534 etenim
888 4483 932 4535 Sa-
987 4493 1065 4534 ussa
1080 4477 1242 4545 contagione
1254 4477 1379 4532 uitiorum
1390 4489 1418 4533 et
1430 4479 1563 4534 illecebris
1573 4481 1663 4533 sectili
1678 4476 1774 4533 ohser-

29 4595 31 4602 ,
147 4550 241 4604 lomou
254 4564 347 4605 seruos
361 4551 455 4609 lliratu
469 4551 578 4605 cadere
591 4548 644 4603 sihi
662 4549 747 4603 toluit
760 4534 828 4615 ligna'
842 4549 877 4604 da
897 4548 937 4605 Li·
950 4563 976 4624 ῃ
991 4563 1096 4613 ramas,
1112 4559 1140 4603 ut
1155 4548 1238 4603 littera
1253 4557 1387 4613 mento,et
1409 4562 1524 4614 corpore
1547 4563 1622 4605 casto
1635 4547 1774 4605 dilectioni

144 4619 229 4682 batto,
242 4620 303 4687 quia
315 4622 451 4676 doctiores
463 4619 638 4676 erantsertis
651 4621 709 4674 suis
719 4618 752 4673 ad
762 4621 934 4689 cadendum
988 4621 1128 4675 valeamus
1140 4619 1283 4684 intrauere,
1298 4626 1325 4674 et
1342 4619 1426 4674 ttostri
1440 4618 1592 4675 conditoris
1607 4627 1632 4675 et
1646 4620 1772 4685 protitni.

144 4691 196 4743 sed
210 4689 309 4746 ideireo
321 4692 403 4747 etiam
416 4706 511 4747 sessos
522 4704 588 4745 suos
600 4690 678 4744 simol
689 4689 785 4744 adesso
800 4690 894 4755 rolirit,
907 4702 937 4748 ut
987 4691 1022 4747 Et
1037 4689 1081 4744 isti
1099 4700 1162 4744 sunt
1182 4701 1234 4745 tres
1255 4703 1363 4746 menses
1377 4688 1561 4757 operariorum
1585 4691 1697 4759 templi:
1712 4706 1774 4745 num

145 4760 321 4815 ostenderent
343 4762 511 4817 cadentibus
532 4760 609 4830 cujus
631 4773 765 4815 mensura
781 4760 853 4831 ligna
876 4761 934 4819 lieri
985 4762 1050 4830 quia
1072 4759 1173 4815 mensis
1188 4758 1353 4828 plenitudine
1366 4759 1470 4816 dierum
1484 4760 1586 4816 lunaris
1603 4759 1696 4816 circuli
1710 4774 1775 4833 per-

144 4830 288 4885 delereat.
303 4829 385 4900 Cuius
399 4833 440 4888 rei
461 4833 545 4903 iiqura
561 4846 587 4885 tn
602 4840 726 4899 promptu
746 4842 797 4896 est,
810 4833 872 4901 quia
893 4832 934 4889 oi·
987 4832 1087 4899 licitur,
1102 4845 1149 4900 per
1163 4831 1237 4886 ilium
1253 4830 1392 4900 plenitudo
1406 4833 1512 4886 virtutis
1526 4831 1655 4903 cujusque
1667 4833 1774 4899 spirita·

142 4902 244 4955 mirum
258 4902 373 4970 apostoli
387 4903 488 4957 certius
500 4901 610 4957 uerbum
627 4899 777 4970 Evangelii,
791 4903 864 4972 qnia
880 4903 934 4960 lio·
986 4902 1022 4959 lis
1040 4901 1202 4966 ostenditur,
1218 4906 1245 4954 io
1259 4915 1310 4969 qun
1326 4915 1404 4956 mens
1416 4901 1534 4958 tidelium
1549 4918 1563 4955 a
1579 4902 1693 4957 Domino
1708 4918 1774 4971 quo·

140 4971 220 5027 mino
233 4971 326 5026 audire
345 4983 487 5042 inurerent,
501 4971 550 5029 sed
563 4970 678 5041 gentiles
699 4972 735 5027 alt
751 4985 843 5027 errore
866 4988 932 5029 con·
985 4974 1087 5027 tidiana
1115 4972 1294 5027 illustratione
1312 4973 1389 5041 qussi
1411 4970 1474 5027 luna
1495 4986 1512 5026 e
1536 4973 1593 5027 soie
1618 4973 1772 5039 respicitur.

141 5040 231 5106 versi,
242 5049 323 5111 atque
333 5042 367 5097 ad
376 5045 515 5099 veritatem
524 5042 661 5112 Evangelii
670 5040 863 5107 translonnati,
874 5059 931 5100 rue·
987 5043 1063 5101 Unus
1076 5056 1141 5099 sero
1155 5043 1266 5106 utensis,
1281 5056 1334 5110 quo
1355 5041 1430 5110 liqna,
1443 5042 1476 5096 nd
1495 5055 1563 5111 opus
1580 5042 1671 5110 templi
1686 5040 1773 5096 cedn-

143 5109 200 5167 lius
213 5114 286 5181 ipsos
299 5114 418 5183 gentium
431 5128 538 5169 errores
552 5122 699 5176 nouercam
722 5122 750 5167 st
762 5128 817 5181 quo
832 5118 932 5172 certius
985 5114 1095 5183 buntur,
1110 5112 1281 5182 electensyua
1295 5120 1347 5170 ost.
1364 5112 1389 5166 id
1402 5120 1455 5174 est,
1469 5127 1551 5182 opera
1567 5112 1771 5177 misericornia,

140 5191 287 5243 noverunt.
301 5197 336 5239 eo
355 5184 526 5240 artificiosius
539 5185 589 5238 ltos
602 5197 756 5253 expugnare
773 5195 854 5254 atque
866 5200 930 5241 esa·
985 5201 1046 5255 quor
1066 5198 1129 5254 erqa
1153 5181 1266 5238 saltitem
1290 5181 1407 5250 proximi
1423 5190 1451 5238 et
1469 5183 1497 5238 iu
1520 5183 1648 5238 unitatem
1670 5192 1773 5237 satietas

140 5266 228 5307 errare
261 5253 422 5310 didicerunt.
455 5254 554 5310 Paulus
585 5256 692 5323 quidem
730 5261 930 5313 sacramentum
986 5253 1114 5313 licclcaise
1148 5254 1218 5308 ierne
1243 5252 1409 5321 prottciendn
1441 5253 1609 5322 promimur,
1637 5252 1772 5318 docendo,

141 5322 284 5394 Evangelii
310 5323 382 5392 quod
400 5340 447 5394 per
464 5324 655 5380 revelationem
669 5323 812 5393 didicerat,
833 5326 930 5383 melim
985 5322 1153 5394 castigatido,
1168 5322 1325 5391 temporalia
1338 5321 1773 5393 botiaitnpondcntlo,titaeescnt·

139 5393 230 5457 norit,
245 5368 295 5449 sed
315 5396 456 5466 Dionysius
474 5395 572 5452 melius
589 5396 729 5451 revincere
740 5405 846 5464 poterat
862 5395 930 5452 lnlsa
986 5396 1030 5480 pia
1045 5392 1230 5453 tuoisstrando.
1238 5392 1295 5449 lino
1317 5403 1406 5449 tannen
1427 5396 1520 5465 reliqui
1538 5409 1656 5460 menses,
1675 5396 1773 5463 quiints

138 5463 314 5545 etlolcoram
329 5465 464 5536 dogmata,
486 5480 600 5537 quorum
614 5479 675 5520 cum
690 5465 828 5521 erroriltus
848 5468 934 5539 syllo·
986 5480 1015 5523 ιιι
1030 5464 1153 5522 dontibus
1166 5465 1223 5519 suis
1238 5478 1359 5533 inuuere,
1371 5479 1404 5520 ac
1417 5465 1473 5520 suls
1491 5472 1555 5521 suut
1567 5467 1773 5521 necessitatibus

137 5548 272 5606 qtsmosa
294 5550 380 5607 mero
393 5545 422 5591 et
438 5547 595 5607 argumenta
617 5544 713 5591 cuneta
736 5548 862 5592 noverat.
884 5537 933 5595 Cui
986 5550 1085 5593 uacare
1099 5534 1326 5603 perosissimam
1338 5545 1380 5591 est
1392 5544 1420 5589 et
1430 5534 1573 5605 jejunium,
1588 5536 1686 5603 quilius
1701 5551 1771 5605 prco-

135 5604 376 5663 aensuicnnrcnit
393 5606 935 5680 npteqoodscquiturzsrirettintqaed
987 5616 1148 5674 toeaqua
1161 5620 1225 5674 orsa
1243 5608 1430 5660 necessitatem
1446 5607 1558 5660 lustrum
1588 5603 1655 5661 lot-is
1678 5621 1774 5674 opera·

135 5690 195 5731 stou
208 5683 245 5729 cst
267 5677 294 5729 in
316 5676 412 5750 popule
433 5693 489 5733 mec
508 5677 548 5732 cir
567 5676 614 5747 qui
628 5678 726 5731 tinuerit
740 5677 811 5747 liquo
824 5684 933 5745 mucre,
987 5693 1060 5744 titur,
1076 5686 1175 5731 nostra
1187 5673 1283 5732 saturis
1302 5674 1418 5745 propria
1438 5691 1529 5733 curam
1551 5676 1624 5730 initus
1643 5691 1774 5732 contcrsa

134 5746 399 5805 meduanuillo
437 5747 511 5804 enim
535 5757 593 5801 erat
612 5745 639 5801 in
654 5746 754 5817 populo
766 5746 933 5820 leoninum,
987 5748 1021 5804 sd
1039 5747 1180 5803 llomiuum
1193 5747 1473 5814 memeqerimus3et
1494 5746 1619 5817 qttuitiam
1635 5747 1773 5803 illisoluui

137 5820 190 5874 utu
204 5816 333 5874 uncrinus
347 5821 522 5893 corporaliter
531 5830 654 5889 presens
665 5816 792 5888 docciat,
809 5818 879 5877 ullus
895 5822 934 5878 ri·
987 5818 1111 5888 perlecto
1124 5816 1168 5875 tel
1180 5829 1237 5874 sue
1250 5817 1292 5877 tei
1310 5816 1435 5875 irutcrnar
1449 5817 1545 5876 saluis
1558 5832 1651 5875 curam
1664 5825 1772 5888 perant,
