4009 6184
180 320 232 377 ttt

567 318 598 372 5.·
617 314 817 373 COELESllNl
837 317 847 372 l
868 312 970 372 PAPAE
990 313 1170 372 ueternum
1190 312 1234 368 ut
1254 310 1425 369 DECRETA.

1765 315 1820 376 tet

180 433 278 503 petierit
291 439 407 485 creatura
421 429 575 489 Creatorem.
589 431 633 483 aad
648 429 742 494 peperit
761 427 890 480 tramittem
912 426 972 480 Dei·
989 431 1013 488 Α
1028 427 1079 480 rita
1089 423 1228 481 Caelestini
1239 425 1411 495 simplicitate
1422 426 1566 483 traretteus
1578 427 1623 483 ille
1633 428 1729 485 ciltrdit
1740 431 1822 486 tidem

181 505 242 557 tatis
264 504 418 557 miuistrnm.
441 501 516 555 Unde
529 500 638 553 llariam
653 516 666 550 :t
683 498 805 552 Nestorio
820 513 872 552 nott
887 497 973 552 solutu

183 574 306 638 Deitatis,
322 573 370 627 sed
385 582 412 627 et
427 572 473 625 ltei
488 581 568 636 atrpue
580 568 717 624 Creatotis
737 568 894 635 genitricem
914 581 977 638 pro·

182 644 287 698 misene
310 656 433 711 negatam
454 656 515 696 esse
528 641 622 709 liqrret.
637 640 708 694 Sane
722 640 743 693 si
760 638 807 691 ua
822 653 853 693 ac
865 635 976 691 Deitatis

182 715 312 767 vocabula
337 711 503 766 eonluttdere
527 712 585 775 ipse
609 725 662 765 nou
687 709 854 773 :affectasscb
871 707 936 762 nihil
951 709 975 762 ci

182 785 277 838 luisset
298 798 347 836 eur
369 782 470 851 Cyrilto
495 781 551 835 Arii
580 781 795 850 apollinarisque
821 786 976 833 criminentur

183 865 235 906 tum
260 855 432 921 pertinaciter
455 851 624 908 attribueret.
652 852 748 905 ilerum
765 851 791 903 itt
806 849 925 917 eoquod
940 849 977 903 ait

182 922 234 977 sibi
244 940 259 976 a
271 923 372 995 Cyritlo
385 939 431 992 per
443 923 584 990 epistotam
595 922 726 976 declarari
740 920 866 975 debuisse
878 921 900 974 si
912 920 976 989 qttid

182 994 256 1046 retur
271 995 383 1063 impium
399 994 425 1047 in
440 992 525 1063 ipsius
540 992 646 1062 seriptis
658 992 697 1046 tet
714 991 793 1045 dictis
807 991 975 1053 attendisset,

183 1064 264 1130 itttpte
279 1064 313 1118 ab
329 1063 374 1118 illo
389 1063 599 1132 pretermissum
616 1078 676 1117 esse
689 1061 822 1126 attremat,
844 1059 977 1114 mendacii

181 1144 275 1199 aperte
300 1134 480 1188 convincitur.
505 1132 562 1186 Nou
587 1135 658 1187 cuitu
682 1148 734 1186 utra
759 1131 936 1196 tautntn,sed
951 1140 978 1185 et

182 1204 287 1257 duabus
302 1205 434 1271 epistolis,
451 1204 501 1258 trac
516 1204 549 1256 de
566 1218 595 1256 rc
616 1206 690 1259 ittunr
715 1202 831 1273 Cyrittus
856 1201 977 1264 monuit,

183 1274 251 1325 aileu
268 1282 297 1329 ut
309 1273 472 1329 Caelestinus
485 1275 551 1325 duas
567 1273 626 1327 illas
638 1274 767 1339 epistulas
785 1272 898 1326 duarum
917 1284 977 1324 nto·

183 1344 315 1398 turianum
331 1346 522 1399 canonicarum
539 1345 596 1397 rice
609 1344 702 1397 treberi
717 1343 842 1397 uoluerit.
854 1342 980 1410 Quapro-

165 1471 171 1481 ‚
184 1422 244 1480 pter
260 1429 309 1468 nec
323 1415 417 1483 majori
431 1415 538 1482 dignum
554 1424 595 1468 est
610 1414 662 1468 fide
674 1413 745 1482 qnod
767 1412 859 1480 adjicit
880 1411 977 1496 (Epist.

185 1481 220 1534 ts
233 1498 261 1536 η.
276 1484 316 1552 5),
332 1487 414 1540 multa
430 1486 486 1538 suis
501 1484 584 1551 ipsius
598 1484 705 1608 seriptis
716 1482 839 1552 nequiter
850 1496 864 1534 a
877 1481 979 1550 bytillo

186 1554 227 1607 tel
237 1554 357 1608 detracta
371 1556 414 1610 rel
425 1554 514 1608 additu
526 1567 597 1618 esse,
608 1569 651 1620 ttur
674 1568 704 1607 ns
713 1569 774 1606 mate
783 1562 836 1604 tam
847 1551 893 1604 alit
904 1567 979 1620 quam

184 1625 261 1677 etiam
270 1623 419 1679 celestinus
427 1625 546 1696 abreptus
554 1633 600 1677 est.
611 1624 689 1679 Certe
699 1624 874 1679 Caelestinum
884 1619 980 1683 Cerilli

186 1695 329 1749 latrociniis
346 1705 371 1749 et
387 1694 567 1749 additamentis
582 1695 721 1749 seductum
738 1700 818 1763 atque
839 1691 979 1760 abreptum

185 1777 247 1818 esse
263 1763 361 1819 trustra
375 1766 498 1822 obtendit
509 1762 545 1834 (ι’
564 1765 606 1819 ist.
623 1763 657 1819 ts
669 1781 695 1817 u.
711 1764 752 1833 ι),
764 1778 825 1817 curn
844 1762 979 1832 adipsum

114 1841 117 1858 ·
186 1782 563 1905 εοιίινοοιίεφοφη.ίΙιίυεό
878 1902 912 1913 ..

187 1918 267 1973 qrratn
279 1920 312 1960 cx
322 1906 463 1975 ipsiusmet
473 1907 568 1962 litteris
578 1907 611 1959 ab
621 1922 654 1961 eo
664 1904 697 1958 art
713 1920 744 1959 se
759 1904 848 1958 missis
863 1901 913 1957 stbt
929 1915 978 1955 es-

186 1974 318 2045 ptoratam
329 1990 389 2033 csse
400 1982 522 2033 testetur.
535 1975 628 2047 Neque
638 1977 725 2030 miuus
736 1975 769 2029 iis
778 1988 838 2044 quae
851 1973 885 2030 de
895 1972 980 2042 impc-

565 1838 669 1890 cresim
691 1849 745 1888 non
765 1831 874 1888 aliunde
893 1834 979 1899 uraris
996 1817 1019 1879 B

1027 497 1157 565 abrogant
1178 507 1275 549 caetera
1300 496 1379 565 ltrtjus
1403 497 1539 565 pontilicis
1560 498 1660 568 scripta
1684 510 1823 572 senpesta

1029 565 1077 636 (V.
1092 567 1184 620 cancii.
1200 565 1295 638 eptae.
1312 582 1320 620 t
1336 576 1403 634 part.
1420 583 1444 621 e.
1456 567 1513 638 26).
1523 568 1563 622 Atl
1579 571 1636 623 ltaec
1647 570 1823 625 Caelestinum

1027 637 1054 691 itt
1067 637 1117 691 ttae
1126 652 1208 691 causa
1219 638 1283 691 nibil
1291 638 1378 705 egisse
1389 645 1496 692 constat
1507 653 1566 693 stne
1576 640 1680 710 synodo
1692 644 1823 707 bamaria,

1027 708 1070 762 cni
1086 709 1205 763 ruartime
1220 708 1246 760 in
1262 708 1418 775 robustpue
1432 707 1467 761 ad
1483 708 1562 763 iidem
1577 712 1711 771 attinent,
1732 713 1823 767 scieu-

1028 780 1090 832 tiam
1105 779 1221 833 defuisse
1233 793 1313 833 nerno
1324 778 1375 833 uisi
1387 779 1552 834 calumniose
1566 781 1674 836 dixerit.
1688 782 1737 837 llrc
1748 798 1825 838 reeo-

1028 847 1137 903 lendum
1151 856 1193 902 est
1207 860 1286 918 quarn
1301 864 1390 903 rarum
1406 850 1441 903 sit
1455 850 1641 906 baereticorum
1655 852 1739 908 duces
1754 869 1824 907 nan-

1027 919 1093 973 cisci
1107 918 1205 988 quibus
1219 929 1271 976 a'trt,
1284 920 1400 974 artricum
1421 935 1542 975 errorem
1566 923 1714 977 mendaciis
1737 926 1825 989 tueri,

1028 999 1073 1043 aut
1083 1003 1131 1045 eos
1143 989 1189 1059 qui
1199 989 1250 1044 sibi
1260 990 1451 1045 contradicunt
1460 992 1628 1059 calumniari,
1641 994 1763 1064 religioni
1777 994 1824 1049 sit.

1065 1061 1091 1114 7.
1106 1059 1198 1130 Longe
1212 1059 1263 1114 alia
1277 1062 1380 1116 ratione
1395 1073 1451 1114 tum
1465 1060 1558 1132 Cyrilli
1572 1064 1678 1118 animus
1688 1079 1750 1132 erga
1760 1065 1826 1121 Coe·

1029 1131 1155 1185 destinam
1171 1130 1282 1185 allectus
1295 1140 1363 1185 erat.
1380 1130 1414 1185 lis
1427 1132 1498 1185 euim
1514 1134 1623 1202 scriptis
1636 1149 1695 1203 quae
1711 1145 1774 1188 tune
1789 1138 1824 1189 ad

1029 1201 1103 1254 ittutn
1119 1202 1191 1256 misit
1207 1202 1258 1255 boc
1272 1201 1402 1255 insertum
1419 1215 1480 1256 esse
1493 1203 1628 1258 eredimus
1642 1220 1753 1258 summae
1774 1209 1825 1260 ob·

1029 1271 1172 1326 servandae
1188 1272 1381 1333 testimoninm.
1393 1273 1464 1342 qnod
1476 1274 1610 1328 traobius
1622 1275 1668 1329 lib.
1681 1290 1698 1329 n
1709 1276 1743 1329 de
1752 1274 1826 1331 Cort-

1029 1340 1104 1395 ssiatu
1118 1356 1179 1396 cum
1194 1342 1341 1408 Serapione
1361 1342 1499 1396 memoriae
1515 1342 1632 1409 prodidit
1654 1345 1695 1399 tris
1715 1346 1826 1402 tarbis:

1030 1410 1144 1465 Sanetus
1158 1410 1271 1482 Cyrittus
1281 1411 1460 1465 tteaauarr'ne
1473 1410 1596 1468 Ecclesiae
1607 1414 1692 1481 episea
1712 1432 1751 1480 us,
1766 1434 1826 1471 euru

1030 1482 1188 1549 capitatiaset
1204 1480 1388 1535 Nestort’annm
1403 1482 1436 1535 da
1455 1498 1496 1534 uta
1511 1485 1669 1538 contrariam
1687 1433 1748 1553 xdei
1765 1489 1828 1558 put·

1030 1551 1123 1616 lut'are,
1138 1554 1240 1621 scripsit
1252 1567 1297 1620 per
1315 1560 1395 1605 totam
1418 1499 1582 1624 ιόρφριυιη,
1608 1564 1632 1608 et
1655 1557 1689 1609 ad
1711 1568 1829 1612 sunctum

1031 1618 1193 1676 Caelestinum
1216 1621 1365 1692 apostaticae
1387 1624 1572 1679 reeordationis
1595 1626 1735 1680 antistitem
1758 1629 1829 1681 misit

1032 1692 1164 1746 diceresed
1177 1693 1278 1747 taudem
1290 1708 1364 1746 suam
1377 1694 1503 1762 perticere
1517 1695 1539 1748 si
1552 1696 1584 1749 ab
1596 1711 1626 1749 eo
1638 1697 1680 1762 aui
1692 1697 1830 1765 pontifica-

1033 1769 1075 1814 tus
1088 1778 1172 1817 arcem
1188 1763 1285 1817 terrebat
1299 1763 1390 1833 suitur
1402 1763 1501 1845 aliquid
1515 1767 1697 1833 emendarem
1712 1768 1763 1821 lroe
1774 1776 1826 1832 est,

1032 1831 1172 1889 Caelestini
1188 1846 1310 1888 censurae
1324 1847 1356 1887 aa
1369 1832 1468 1902 judicto
1486 1846 1535 1889 sua
1557 1837 1683 1890 submisit
1704 1838 1827 1905 scripta,

1033 1902 1105 1958 laudi
1126 1918 1157 1961 se
1175 1903 1328 1961 habitarum
1352 1911 1465 1959 testatus
1484 1903 1507 1959 si
1526 1907 1590 1976 qnid
1603 1905 1639 1960 atr
1652 1921 1686 1963 eo
1699 1908 1829 1963 emenda·

1032 1981 1118 2030 retur.

863 2114 879 2146 Ι
897 2105 1068 2164 ertsrobt
1087 2105 1153 2162 Vlll.

189 2219 273 2285 Quam
283 2222 405 2294 pestilens
420 2221 535 2277 Nestorii
550 2224 583 2276 sit
595 2222 724 2286 doctriua,
743 2222 835 2289 atridae
848 2219 972 2275 daeteutts
985 2219 1077 2291 aperit,
1091 2235 1141 2287 quo
1152 2236 1210 2275 etttn
1227 2223 1261 2275 ad
1273 2232 1369 2275 reessam
1380 2221 1457 2292 pidem
1468 2234 1608 2289 reuocaret,
1622 2226 1736 2296 Cpriittts
1745 2241 1831 2296 eapo-

224 2294 272 2344 trit.
292 2292 330 2345 At
348 2292 422 2346 illius
435 2296 616 2347 camuranione
636 2310 664 2347 se-
684 2294 798 2346 noudum
812 2300 899 2361 aperte
913 2290 1073 2353 discessisse,
1086 2291 1167 2344 datter
1180 2309 1195 2342 a
1209 2288 1344 2346 Coetestino
1356 2294 1418 2360 quid
1430 2295 1478 2347 tibi
1493 2295 1561 2363 sarto
1575 2310 1639 2363 optes
1653 2298 1686 2350 sit
1700 2298 1830 2350 drditerit.

226 2360 260 2415 tn
270 2362 420 2417 detestatas
434 2364 517 2416 utissis
531 2380 608 2433 quam
630 2364 741 2430 primum
753 2361 788 2415 ad
802 2361 914 2415 Orientis
926 2376 957 2413 oe
968 2358 1130 2415 Macedoniae
1139 2362 1272 2432 episcopas
1282 2362 1384 2428 titteris,
1395 2380 1469 2418 strant
1486 2381 1516 2418 ea
1530 2367 1562 2419 tte
1579 2383 1606 2420 te
1619 2369 1770 2422 settletttt'am
1783 2386 1833 2421 tta·

225 2441 278 2484 tam
289 2433 379 2501 [ndat.
395 2431 523 2503 subjectis
538 2434 572 2485 ati
585 2431 682 2486 calcem
695 2430 980 2504 capitulisquitusdttnt
994 2439 1049 2485 tottt
1069 2429 1185 2489 Nestorii
1200 2432 1317 2487 doctriua
1331 2434 1485 2504 explicatur.

190 2545 370 2603 Sarrctissimo
393 2547 494 2616 Deloue
518 2549 703 2605 amantissimo
730 2551 798 2618 patri
822 2549 986 2608 Coetttsrttto

364 2618 495 2674 Crateros
512 2619 538 2674 iu
556 2620 671 2675 Domina
686 2621 812 2680 salutem.

229 2735 254 2786 t.
283 2730 312 2787 Si
337 2732 429 2799 silete,
446 2741 473 2789 et
490 2747 544 2787 nou
567 2734 695 2802 pietatem
712 2743 784 2789 tuam
805 2734 840 2790 de
861 2734 987 2790 omnibus

192 2838 252 2891 ηοω
266 2834 412 2877 ιηοιοιιιυι
423 2822 522 2878 titteris
539 2825 683 2880 certiorem
701 2823 789 2880 tacere
799 2825 866 2879 eitra
880 2824 985 2895 culpam

192 2932 224 2969 ac
236 2915 355 2971 sinistrae
377 2916 541 2984 suspicionis
567 2927 668 2972 metum
694 2917 805 2986 liceret,
835 2916 985 2987 prasertim

191 3010 220 3064 irr
234 3012 317 3064 rebus
338 3009 406 3063 adca
421 3009 595 3076 necessariis,
613 3010 657 3064 ubi
673 3012 754 3065 etiatu
780 3019 853 3065 reeta
878 3008 944 3065 tides
970 3025 987 3064 a

193 3101 330 3157 tumnnttis
343 3102 489 3172 deprauata
501 3104 682 3171 periclitatum
694 3104 720 3158 irr
732 3113 833 3159 memet
842 3105 901 3174 ipso
914 3102 988 3160 dice·

171 3224 174 3235 ι
194 3208 264 3259 retu,
287 3193 389 3247 lionam
402 3204 430 3248 et
446 3193 558 3262 periculi
572 3209 672 3263 expers
688 3206 728 3248 cst
748 3196 898 3261 silentium,
916 3208 987 3265 prm·

195 3291 303 3353 statque
328 3283 447 3355 quietam
469 3286 551 3338 titana
566 3299 648 3354 agere
662 3300 743 3355 quiam
769 3287 913 3341 turbatam.
935 3286 988 3342 Sed

1091 2558 1135 2627 Τῷ
1148 2550 1282 2624 όσιωτόιτῳ
1295 2557 1338 2610 καί
1349 2556 1539 2628 serperastris
1550 2560 1630 2633 πατρί
1643 2559 1777 2630 ιιλιστίνῳ

1246 2624 1363 2701 Ιιόριλλος
1376 2627 1400 2679 ίν
1414 2628 1497 2701 κυρίῳ
1509 2629 1623 2701 χαίρειν.

1074 2742 1103 2796 Εί
1119 2741 1165 2812 μίν
1183 2738 1212 2801 ἦν
1230 2751 1377 2808 σιωπῆσαι,
1396 2745 1437 2797 νιαί
1451 2748 1486 2815 μή
1501 2745 1585 2800 πάντα
1603 2754 1635 2821 τῇ
1654 2754 1687 2819 σῇ
1701 2747 1836 2821 θεοσεόεία

1037 2833 1167 2907 γράφοντα
1178 2834 1211 2891 τό
1229 2835 1370 2907 κινούμενα,
1386 2837 1430 2891 καί
1442 2836 1562 2908 μίμψτως
1577 2836 1628 2902 ἔξω
1642 2840 1770 2908 γινέσθαι.
1790 2846 1838 2895 καί

1039 2922 1174 2998 διαφυγεῖν
1195 2924 1321 2984 δύνασθαι
1331 2930 1361 2984 τό
1370 2924 1465 2985 δοκοῦν
1478 2931 1607 3007 λυπηρόν,
1622 2935 1666 2986 καί
1679 2932 1795 3003 μάλιστα
1810 2935 1838 2987 ἐν

1038 3017 1181 3090 ἀναγκαίοις
1194 3016 1262 3073 οὕτω
1275 3020 1433 3094 πράγμασιν,
1445 3017 1507 3076 ὅπου
1521 3023 1588 3080 ratiti
1601 3028 1645 3083 τῆς
1660 3023 1772 3084 πίστεως
1789 3024 1838 3097 ὀρ·

1039 3107 1114 3170 dicar
1130 3110 1339 3185 παρασαίιόιται
1352 3112 1425 3185 παρά
1446 3134 1530 3174 τινων,
1546 3110 1608 3185 ἔφην
1623 3109 1652 3168 ἂν
1669 3115 1693 3167 ίν
1713 3115 1834 3184 ἐμαυτῷ·

1040 3201 1106 3260 ιιαλίι
1121 3206 1164 3257 καί
1178 3201 1308 3265 ἀκίνδυνος
1321 3206 1337 3262 ἡ
1351 3210 1446 3264 σιωπή.
1461 3208 1503 3260 καί
1514 3208 1543 3261 τό
1558 3211 1659 3280 ἠρεμεῖν
1674 3213 1719 3262 τοῦ
1734 3207 1835 3283 capde-

1040 3294 1127 3348 τισθαι
1141 3302 1267 3370 κριῖττον.
1282 3295 1382 3356 Ἐπειδὴ
1396 3295 1423 3352 δί
1437 3299 1479 3351 καί
1492 3297 1556 3358 Θιός
1570 3300 1675 3354 ἀπαιτεῖ
1689 3299 1748 3370 παρ’
1762 3301 1839 3370 ἡμῶν

195 3376 323 3444 quoniam
341 3376 411 3430 oens
433 3375 507 3431 bisce
528 3376 556 3445 in
578 3377 659 3432 rebus
683 3377 850 3447 vigilantiam
876 3364 1025 3437 anautsC
1041 3387 1070 3442 τὸ
1088 3387 1204 3459 νηφάλιον
1224 3389 1250 3442 b
1270 3390 1386 3450 τούτοις.
1401 3392 1444 3444 καί
1461 3392 1495 3447 τὰ
1516 3391 1601 3465 μακρὰ
1622 3399 1673 3446 τῶν
1686 3390 1841 3448 'Eumaeum

195 3468 290 3538 erigit,
302 3476 331 3523 et
344 3465 358 3505 b
374 3467 454 3539 longa
470 3468 653 3524 Ecclesiaruaa
662 3471 831 3527 cotrsuetudo
844 3471 950 3538 suadet,
962 3481 991 3527 υι

195 3559 351 3632 hujusmodi
367 3576 412 3617 res
425 3576 487 3616 cum
502 3562 646 3617 sanctitate
667 3571 712 3618 tua
738 3566 989 3631 communicentur,

196 3655 287 3710 scriba
309 3654 391 3725 plane
406 3655 569 3712 necessitate
583 3653 708 3724 adactus,
720 3670 752 3712 ac
766 3656 899 3729 significo,
913 3656 992 3713 Sata-

196 3763 258 3803 rram
272 3747 298 3803 iu
312 3748 455 3816 ptraesemia
466 3748 556 3803 omniu
569 3747 696 3817 miseere,
712 3757 740 3805 et
751 3758 844 3805 contra
857 3749 992 3806 Ecclesiae

197 3843 245 3899 bet
262 3842 363 3908 tatere,
378 3857 429 3897 aec
447 3857 500 3899 nott
513 3841 634 3898 omnium
649 3843 750 3914 ubique
770 3842 932 3914 populorum
945 3840 990 3914 aui

196 3937 311 3992 inrecta
340 3935 392 3991 fide
412 3935 552 3991 ambulant
571 3934 777 3991 subversionem
805 3935 903 3992 moliri.
933 3935 991 3991 Non

195 4028 270 4082 euim
285 4027 319 4081 ab
334 4025 484 4096 impictatis
503 4026 594 4080 studio
608 4042 736 4097 umquam
752 4026 859 4083 desistit
874 4028 992 4097 pessima

197 4117 242 4171 itta
255 4126 282 4172 et
297 4114 512 4171 edrerrisbestia.
528 4114 601 4171 Sane
616 4116 747 4173 tractenus
762 4119 846 4173 altum
863 4121 993 4184 taeniae

197 4208 268 4264 nibil
281 4207 394 4261 omnino
407 4206 442 4263 de
451 4221 485 4262 eo
499 4206 647 4279 (Nestorio)
661 4209 706 4278 qui
717 4207 994 4279 Cottstarrtinopotita·

199 4315 261 4355 natu
288 4298 440 4355 Ecclesiam
456 4313 529 4354 nune
550 4297 727 4356 administrat
750 4299 794 4355 rcl
808 4300 840 4354 ad
863 4303 991 4372 pietatem

198 4403 272 4448 tuam
282 4392 324 4447 rei
334 4391 367 4446 ad
382 4391 465 4447 ullutn
475 4391 699 4448 consacerdotum
714 4399 869 4447 nostrorum
883 4393 992 4461 scripsi,

199 4499 355 4555 persuasum
379 4483 482 4541 babens
503 4483 669 4555 praeeipitem
689 4484 716 4538 in
743 4484 896 4554 buiusurodi
912 4486 993 4540 tetrus

198 4575 365 4632 celeritatem
379 4589 394 4629 a
408 4574 474 4630 nitio
498 4589 552 4629 nott
568 4586 629 4630 esse
644 4575 803 4630 immunem.
820 4578 856 4630 nt
875 4575 939 4645 quia
958 4575 993 4630 ad

198 4675 352 4724 extremum
367 4664 561 4737 propemodum
576 4665 708 4721 malorum
721 4666 891 4733 devenimus,
903 4667 992 4722 amnia

198 4773 262 4829 qnae
276 4757 443 4824 aeciderunt,
454 4764 533 4826 rupto
545 4756 667 4824 silentia,
680 4758 991 4815 neeessariocuarranda
1006 4739 1032 4799 D

199 4848 348 4906 esseduti.

232 4942 259 4999 2.
275 4942 378 5011 Nempe
399 4951 565 4998 memoratus
576 4941 657 4997 simut
672 4953 700 4997 υι
711 4941 849 4997 ordinatus
863 4950 914 5006 est,
929 4957 990 4997 euru

198 5032 433 5095 exhortationibus
449 5032 573 5103 populos,
602 5041 657 5088 tunt
687 5033 821 5104 proprios,
840 5046 895 5088 tutu
910 5048 989 5104 pere·

198 5127 302 5198 guittos,
319 5140 432 5197 quorum
459 5138 555 5194 magua
578 5124 722 5179 multitudo
736 5140 770 5180 ex
790 5124 875 5192 omni,
903 5132 931 5178 at
952 5124 989 5179 ita

198 5218 418 5284 dream,eiritate
432 5231 462 5271 ac
478 5216 589 5286 regione
615 5215 678 5270 illuc
702 5216 839 5270 continere
863 5217 941 5281 soter,
957 5216 991 5272 ad

200 5309 299 5365 botrum
325 5310 449 5367 excitare
462 5309 615 5375 debuissem
633 5309 779 5377 predicare
792 5308 927 5365 allectarit
942 5311 992 5364 ab·

198 5399 280 5456 tarda
291 5401 414 5472 quiedam
429 5411 456 5458 et
470 5401 601 5457 aratione
614 5399 712 5466 aliena,
728 5416 789 5471 qnae
804 5400 993 5471 lougeabsuut

198 5493 234 5565 ab
248 5493 394 5562 apostolica
410 5504 438 5550 et
450 5493 604 5565 evangeliea
617 5492 680 5559 tide,
695 5506 775 5564 quam
789 5502 881 5564 patres
895 5508 992 5565 nragua

235 5635 249 5663 ¹
260 5626 336 5682 Circa
351 5629 423 5684 med.
440 5642 540 5684 struunt
555 5626 618 5683 450.

235 5693 328 5752 διιι),
346 5699 463 5766 pratnttt
474 5711 552 5752 aetus.
578 5699 690 5753 Praestat
707 5697 808 5754 Grccc
826 5699 930 5755 battere
944 5700 989 5753 lit-

201 5775 276 5832 teree.
290 5783 341 5833 ona
355 5784 407 5824 nou
419 5778 521 5823 tantum
531 5769 650 5837 antiqua,
661 5770 707 5826 scd
720 5779 746 5825 et
756 5770 832 5837 longa
842 5780 990 5837 teurporutn

1042 3473 1086 3538 dtu
1100 3479 1229 3533 πείθουσιν
1243 3480 1436 3534 ἀνακοινοῦσθαι
1450 3488 1481 3553 τῇ
1496 3488 1529 3556 σῇ
1544 3480 1667 3550 ὁσιότητι,
1682 3484 1769 3556 γρίιφω
1784 3484 1835 3538 πά·

1041 3569 1079 3624 λιν
1084 3572 1235 3642 ἀναγκαίως,
1243 3571 1323 3627 dasiro
1329 3571 1418 3631 δηλῶν.
1426 3571 1465 3629 ότι
1474 3572 1619 3646 dissuaderet
1629 3578 1713 3631 πόντοι
1722 3576 1841 3632 νιαίνῦνό

1043 3666 1164 3725 Σατανᾶς,
1175 3666 1219 3718 καί
1226 3665 1294 3734 μετὰ
1304 3661 1349 3735 [F.
1358 3664 1407 3734 lep.
1420 3663 1495 3735 κατὰ]
1502 3667 1705 3726 τῶνῈκκλησιῶν
1714 3674 1759 3723 τοῦ
1771 3675 1841 3723 erae

1042 3755 1167 3825 μαίνεται,
1183 3758 1225 3809 καί
1239 3754 1439 3830 όρθοποδοῡντας
1450 3758 1474 3811 ίν
1489 3760 1577 3815 πίστιι
1590 3763 1651 3821 τοὺς
1666 3758 1841 3833 ἁπανταχόσε

1042 3846 1120 3906 λαοὺς
1134 3852 1255 3923 πειρᾶται
1271 3846 1439 3925 διαστρέφειν.
1455 3853 1490 3905 od
1507 3854 1558 3927 γὰρ
1572 3857 1664 3926 ιίριμιῖ
1676 3854 1706 3909 τό
1726 3852 1842 3924 παμπό·

1043 3959 1115 4015 sapas
1130 3939 1205 3994 ίκιῖνο
1219 3940 1304 4014 θηρίον
1317 3944 1360 3996 καί
1371 3952 1382 3979 ⁰
1394 3943 1531 4017 εὐφόρητον
1544 3944 1581 4003 είς
1595 3944 1722 3999 ecferret.
1733 3944 1843 4014 Ἑσίγων

1043 4033 1088 4100 μὲν
1103 4024 1146 4085 ain
1160 4031 1334 4104 παρῳχηκότα
1349 4029 1450 4108 καιρόν·
1467 4036 1510 4089 καί
1523 4032 1594 4090 οόδίν
1613 4033 1675 4096 ὅλως
1694 4033 1752 4092 adra
1770 4036 1844 4106 πρὸς

1043 4126 1089 4181 τόν
1104 4127 1152 4182 arla
1165 4124 1310 4179 θεοσίόιιαν
1325 4126 1440 4200 γέγραφα
1454 4130 1513 4203 περί
1527 4133 1574 4182 τοῦ
1587 4133 1631 4181 νόν
1645 4124 1716 4188 όντος
1730 4130 1755 4181 ἐν
1770 4142 1842 4180 κων·

1044 4215 1263 4279 σταντινουπόλιι,
1281 4219 1323 4270 καί
1337 4222 1382 4276 τήν
1396 4217 1542 4277 Ἐκκλησίαν
1556 4218 1700 4281 διέποντος,
1717 4216 1775 4274 οότι
1786 4224 1843 4288 paritr

1044 4306 1108 4382 πρὸς
1121 4306 1208 4381 ίτερον
1222 4313 1272 4361 τῶν
1293 4307 1503 4384 ουλλειτουργῶν,
1515 4309 1546 4364 τὸ
1560 4311 1585 4363 ἓν
1600 4311 1696 4369 τούτοις
1709 4313 1845 4384 προπετές

1044 4399 1090 4451 οὐκ
1105 4396 1154 4463 ἔξω
1168 4401 1259 4470 μώμου
1278 4402 1374 4455 κεῖσθαι
1388 4401 1526 4471 πιστεύων.
1544 4398 1643 4459 Ἐπειδη
1662 4398 1689 4455 δέ
1706 4403 1742 4459 εἰς
1755 4400 1846 4470 dapes

1045 4489 1132 4563 ὥσπερ
1147 4490 1240 4561 ἥκομεν
1253 4495 1299 4544 τοῦ
1314 4497 1410 4553 κακοῦ,
1427 4489 1477 4545 δεῖν
1489 4491 1571 4563 ᾠήθην
1585 4491 1728 4562 ἀναγκαίως
1742 4492 1845 4546 ἀνεῖναι

1044 4577 1131 4633 λοιπόν
1144 4583 1190 4638 τόν
1202 4579 1316 4653 γλῶτταν
1327 4582 1369 4634 καί
1383 4581 1467 4636 πόιντιι
1481 4581 1563 4635 ιίπεῖν
1577 4581 1609 4635 τό
1619 4582 1775 4652 κικινομίνα.

1080 4952 1108 4996 ·0
1128 4928 1182 5017 γὰρ
1202 4942 1379 5013 μνημονευθεὶς
1402 4939 1457 5012 ἅμα
1476 4937 1699 5014 κεχειροτόνηται,
1719 4940 1762 4992 ναί
1781 4935 1846 4994 δίον

1044 5042 1100 5094 ταῖς
1119 5034 1302 5106 παραινέσεσι,
1317 5038 1374 5093 ταῖς
1393 5037 1431 5095 τίς
1445 5033 1473 5086 τὸ
1488 5032 1589 5104 ἀγαθόν,
1605 5031 1717 5104 ὠφελεῖν,
1732 5031 1794 5091 τοός
1809 5051 1843 5087 τε

1044 5128 1124 5180 ίκιίσι
1148 5125 1226 5187 λαοὺς
1244 5128 1285 5181 καί
1306 5126 1366 5185 τοὺς
1387 5122 1629 5198 παρεπιδημοῦντας
1646 5125 1740 5187 ξένους·
1765 5125 1845 5195 πὰμ-

1044 5217 1131 5273 πολλοι
1144 5215 1171 5271 δί
1186 5213 1267 5277 οὗτοι,
1281 5218 1324 5269 καί
1338 5215 1390 5271 ἀπὸ
1401 5206 1498 5280 addus,
1514 5217 1549 5274 ὡς
1559 5212 1624 5273 ε”πος
1634 5216 1725 5279 ιίπεῖν,
1741 5213 1844 5276 πόλεως

1043 5330 1071 5366 τι
1086 5311 1128 5364 καί
1143 5312 1245 5383 χώρας·
1259 5306 1374 5368 σπουδήν
1397 5306 1468 5363 ἔθετο
1489 5308 1570 5363 talaia
1592 5305 1689 5362 ἔντοπιί
1710 5328 1779 5371 τινα,
1796 5312 1845 5364 καί

1044 5401 1095 5468 ἔξω
1115 5402 1206 5473 λόγου,
1230 5405 1272 5456 καί
1293 5400 1342 5456 όσα
1366 5402 1467 5477 μακρόν
1479 5401 1536 5456 dart
1548 5410 1594 5462 της
1607 5401 1777 5461 ἀποστολιαῆς
1797 5406 1846 5460 καὶ

1045 5495 1204 5568 rimaberis
1223 5496 1351 5560 πίστεως,
1367 5493 1396 5552 ἣν
1417 5494 1500 5566 μέχρι
1522 5494 1617 5555 παντὸς
1633 5493 1845 5570 strepsicerotes?

1044 5604 1224 5686 serie‘usitata
1238 5630 1405 5688 consuetudo
1419 5630 1632 5691 commendatur.

1083 5711 1093 5739 ⁶
1108 5700 1199 5771 Forte,
1214 5700 1350 5775 ἀφόρητον.
1615 5703 1617 5707 ’
