4009 6184
169 329 237 388 {289

166 446 248 501 bintat
261 442 323 498 iuna
336 457 425 510 suum,
441 458 509 515 quos
531 444 617 514 perdit
630 443 732 515 eeiiiqit
747 444 833 514 iquos,

166 534 325 604 Cornuaque
338 532 510 602 exstinguens
525 534 664 604 perturbat
677 543 691 573 ⁸
704 534 806 591 turmine
827 533 952 589 frontem.

165 624 226 679 bion
239 633 327 678 tamen
342 622 459 678 ardescit
470 624 605 695 completo
618 625 735 681 cirurrius
746 631 813 679 orbe

165 717 334 775 Noetiiucum
343 717 437 772 iumen
450 717 538 785 paseit
551 727 607 771 sata
622 717 711 772 sidera
728 718 800 772 tuce.

165 809 221 866 iiee
235 820 324 864 tamen
335 819 448 874 uterne,
460 824 520 878 quae
533 809 658 864 maebina
672 803 813 863 nutriturb
824 807 920 875 aethre,

166 902 224 956 Non
239 908 343 955 tantum
358 898 463 970 pictura
477 898 531 969 peii
546 908 597 965 est,
612 913 663 953 nee
676 898 747 954 eeisa
760 897 903 963 noluntas3

166 993 239 1048 biens
255 990 376 1061 ratioque
391 991 495 1050 subest.
513 999 541 1045 et
554 991 635 1046 rebus
650 987 727 1044 utilis
737 987 814 1044 ordo.

166 1085 235 1140 iiine
249 1082 372 1139 doetrina
382 1081 457 1137 venit
472 1081 564 1149 terris,
576 1081 640 1136 bine
653 1079 770 1150 denique
779 1078 885 1134 eunetis

163 1174 314 1232 Consilium
327 1173 464 1245 agricolis,
479 1181 507 1228 et
520 1172 565 1241 qui
582 1172 667 1228 maria
680 1172 732 1228 nita
752 1181 903 1243 pererrant,

165 1265 201 1323 lit
210 1281 241 1322 se
251 1279 358 1337 quaque
371 1265 458 1321 ierant
471 1264 545 1320 iuees
559 1262 708 1335 praedicere
717 1264 835 1333 possim,

166 1356 300 1412 Venturos
313 1356 404 1412 norint
413 1354 525 1418 imbres,
538 1354 696 1421 siccumque
707 1365 848 1418 serenum,

164 1452 300 1523 Tempore
314 1466 367 1524 quo
379 1460 471 1505 muros
482 1447 584 1519 eampis
598 1446 709 1503 inducat
721 1458 824 1514 arator,

164 1542 200 1599 Ει
209 1542 320 1599 dubium
335 1548 421 1596 tentet
430 1553 542 1595 securus
555 1537 644 1593 nauita
656 1547 780 1608 pontum.

200 1633 350 1689 Instructos
363 1630 438 1702 iques
452 1630 533 1696 meio,
551 1626 632 1685 Pater
646 1626 760 1699 optime,
773 1638 859 1686 terras

164 1723 297 1779 Excutere
310 1721 477 1794 aggrederis,
491 1730 519 1777 et
532 1730 544 1759 ι
560 1734 673 1776 munere
685 1718 772 1776 donas
787 1719 890 1791 opimo.

795 331 941 389 ttdtnbst
963 333 994 387 ib*
1015 334 1178 391 Genesin.

971 445 995 505 Α
1012 444 1059 498 Est
1074 445 1165 514 pater!
1182 457 1199 501 o
1214 444 1277 500 ielis
1296 444 1420 513 nimium,
1436 447 1482 517 qui
1494 447 1572 505 dueis
1585 448 1694 523 olympo

1008 535 1043 590 iit
1057 550 1141 606 genus
1156 546 1185 590 et
1198 536 1329 591 iormami
1345 536 1369 592 si
1385 546 1411 593 te
1426 553 1478 593 nun
1492 540 1572 595 neria
1586 548 1665 596 terre

1008 625 1151 697 beeipiant
1164 627 1239 696 sitia,
1256 642 1306 683 nee
1317 627 1431 683 blandus
1446 629 1656 695 subruaterrur,

1008 717 1112 775 Numen
1128 719 1194 788 eris,
1209 720 1331 790 eteioque
1346 719 1428 775 sedus
1443 720 1577 777 mirabere
1592 735 1686 793 regna,

1009 809 1075 876 Qnae
1089 811 1220 880 promissa
1239 809 1317 866 bonis
1332 808 1386 866 iido
1400 810 1480 866 Pater
1493 811 1605 868 exbibet
1617 828 1676 869 ore.

1008 899 1075 956 Nam
1087 901 1134 956 tibi
1151 901 1233 958 muita
1248 901 1319 958 Deus
1334 903 1456 959 na-centi
1471 903 1584 960 contuitu
1598 903 1682 971 ultro,

1008 989 1166 1049 AEtbeream
1181 992 1278 1050 faeiem
1293 993 1423 1061 primum,
1439 994 1598 1066 vultumque
1610 1005 1764 1066 paternum,

1009 1085 1199 1158 incessumque
1213 1086 1310 1157 pedum
1325 1097 1440 1154 rectum,
1456 1089 1581 1145 sublimia
1595 1090 1677 1157 eolla,

1008 1174 1112 1244 Neque
1127 1190 1203 1231 mora
1218 1178 1244 1232 in
1256 1177 1354 1234 eoelum
1368 1181 1455 1236 oculis
1468 1181 1652 1251 spectantibus
1664 1192 1747 1249 esset,

1009 1265 1086 1323 'inne
1095 1265 1199 1324 uiueres
1209 1277 1402 1338 promptasque
1413 1284 1519 1339 manus,
1528 1270 1643 1341 uitaeque
1653 1274 1787 1329 ministras

1011 1359 1099 1427 enque
1118 1358 1226 1413 domurn
1244 1358 1316 1416 dire
1331 1368 1425 1428 peetus
1438 1359 1563 1425 rationis,
1575 1368 1604 1416 et
1615 1360 1661 1416 uiri

1010 1449 1109 1505 Sedens
1122 1448 1239 1536 pensili,
1254 1450 1262 1500 i
1281 1448 1423 1505 iundendae
1434 1451 1507 1507 noeis
1520 1451 1662 1514 bonorem,

1047 1538 1111 1595 Haee
1126 1538 1178 1594 soii
1188 1552 1318 1596 concessa
1331 1539 1433 1596 bomini
1447 1559 1453 1594 :
1469 1557 1531 1598 nam
1545 1550 1642 1599 caetera
1657 1557 1761 1600 murum

1013 1630 1062 1687 Est
1076 1645 1156 1702 pecus
1171 1649 1177 1686 :
1191 1631 1309 1687 obtinuit
1322 1641 1455 1700 ventrem,
1469 1635 1628 1704 precordia,
1642 1650 1749 1705 neruos,

1014 1720 1151 1779 Venarum
1164 1721 1248 1789 riros,
1264 1731 1291 1778 et
1305 1736 1429 1794 sparsum
1443 1739 1558 1793 eorpore
1571 1740 1705 1802 sanguen,

163 1812 256 1885 Regna
276 1812 433 1878 bominum,
459 1809 648 1882 pecudumque
674 1810 758 1867 tarem
783 1810 958 1880 requiemque
974 1804 997 1864 tt
1011 1811 1025 1852 ¹
1039 1812 1126 1881 iuste,
1141 1813 1246 1883 ierique
1258 1814 1340 1870 simui
1354 1829 1506 1888 sensusque
1519 1815 1638 1876 dotores.

199 1905 338 1960 voluerum

163 1996 328 2052 Planeseunt
340 1994 441 2065 campi,
453 1992 539 2051 solies
553 2003 644 2051 tumor
656 1994 758 2051 arduus
768 1993 858 2063 eiiert,

163 2089 314 2147 Subsidunt
327 2087 421 2153 valles,
435 2088 561 2144 durentia
576 2100 651 2159 prata
664 2088 814 2154 virescunt,

162 2179 442 2252 Saxaquedurantur,
457 2178 565 2251 pinquis
576 2193 606 2234 se
615 2179 693 2250 qiebn
708 2180 832 2248 resoluit,

164 2272 336 2342 Rumpuutur
349 2271 451 2340 iontes,
462 2266 476 2309 ‘¹
489 2271 578 2327 bustis
591 2285 677 2342 qenus
689 2270 803 2326 arduum
817 2273 888 2328 unde
902 2281 958 2339 est,

163 2367 313 2425 Herbarum
327 2367 404 2422 naria
417 2375 585 2437 consurgunt
595 2366 716 2437 gramina
731 2367 847 2434 eampis.

198 2458 311 2527 Jamque
324 2472 402 2529 seqes
416 2469 508 2514 tenera
522 2458 637 2513 iruetum
652 2456 781 2516 tundebat
794 2458 891 2526 arista,

162 2546 230 2605 Cum
241 2547 304 2620 juga
316 2550 388 2604 rruiia
404 2547 504 2616 iorent,
519 2562 569 2604 nee
584 2561 678 2605 vomer
691 2549 762 2603 uiius
782 2547 876 2613 aratri,

163 2639 275 2712 iiuqiret
291 2640 380 2696 nuilus
393 2641 538 2711 proscissis
553 2650 644 2696 taums
655 2641 682 2697 iu
695 2641 780 2706 arvis,

163 2734 235 2791 iicee
252 2736 333 2790 etiam
349 2733 411 2790 ritis
425 2733 534 2789 madido
542 2732 599 2804 iam
614 2733 695 2803 piena
707 2748 816 2791 raeemo

164 2824 269 2894 Expers
282 2821 358 2880 iaicis
371 2822 471 2894 adbue,
487 2833 515 2880 et
528 2824 589 2879 duri
604 2825 693 2880 neseio
707 2823 783 2892 ferri,

165 2914 326 2985 Pampiness
336 2913 418 2970 celsis
429 2914 539 2970 texebat
550 2914 668 2970 eoiiibus
680 2914 800 2970 umbras.

164 3005 277 3061 birersa
290 3004 414 3060 exoritur
427 3004 565 3059 variarum
580 3004 667 3061 iorma
682 3005 811 3074 terarum,

163 3093 356 3166 Quadrupedes
375 3096 484 3162 animae,
501 3110 551 3152 nee
566 3111 619 3152 non
634 3096 756 3167 repentia
772 3097 863 3152 terris.

164 3186 317 3243 Nascuntur
333 3187 410 3256 pictis
421 3188 545 3244 volucres
559 3202 608 3258 per
621 3187 711 3243 nubila
724 3187 831 3258 pennis.

199 3279 248 3334 iiis
261 3279 308 3334 ubi
324 3279 452 3348 perfectis
462 3281 585 3350 Genitor,
597 3280 750 3352 jamdirite
762 3281 863 3338 mundo

165 3369 266 3425 cuneta
285 3368 359 3424 ridet
372 3371 462 3443 magni
478 3386 572 3432 euram
585 3371 736 3441 deposcere
749 3373 833 3443 ragis,

165 3457 217 3524 Qui
227 3471 312 3525 mare,
327 3460 371 3526 qui
382 3466 482 3528 terras,
491 3461 672 3529 atqueonmia
685 3461 904 3534 nataquberuen

166 3549 272 3617 Quique
284 3549 367 3603 altum
381 3556 484 3618 spectet
495 3550 605 3614 eteium,
620 3549 763 3619 laudetque
778 3563 790 3590 ε
805 3554 923 3621 potentis

166 3637 276 3693 tinnera
291 3652 386 3708 maqna
400 3638 458 3704 Dei,
472 3652 507 3693 ne
517 3637 572 3693 sint
585 3639 643 3692 baee
657 3638 765 3694 condita
776 3640 887 3694 irustra.

166 3726 404 3792 i'unesaeiamus,i
410 3729 461 3796 ais,
471 3727 618 3785 mtrem.
631 3728 878 3798 bie,optime,eum
887 3729 958 3797 quoi

166 3828 180 3866 ι
195 3819 272 3875 Nune
286 3819 423 3890 loqueris?
433 3820 536 3875 uiarum
549 3829 591 3874 est
601 3818 738 3889 :jamtum
748 3818 797 3874 tibi
807 3819 891 3876 Filius
901 3820 957 3877 abo

167 3908 275 3964 Aestuet
286 3909 313 3963 in
327 3908 413 3978 soiio,
427 3920 456 3964 et
470 3906 581 3965 terrast
595 3915 699 3975 speetat
711 3910 823 3965 amicas.

166 3996 221 4053 Sed
235 3996 375 4060 iaciamus.
391 3997 443 4066 ais,
457 3997 606 4063 bominem,
621 3998 700 4069 eujus
714 4000 805 4056 vuitus
815 4001 904 4073 imago

166 4087 264 4144 Noster
275 4089 339 4154 erit,
353 4089 530 4162 manibusque
544 4091 611 4146 meis
624 4090 753 4160 procedat
766 4092 792 4149 in
805 4110 902 4151 urum.

201 4178 267 4235 inde
281 4177 371 4251 opifex
383 4194 484 4245 rerum,
499 4180 615 4236 assumis
631 4180 722 4237 moiiia
736 4189 816 4239 terrae

167 4269 255 4341 Atque
265 4269 354 4325 virum
369 4268 481 4336 ioruras,
494 4268 572 4339 eujus
587 4267 596 4308 ¹
612 4269 645 4326 de
659 4281 735 4330 costa
748 4274 850 4344 eupido

166 4355 212 4415 Fit
220 4358 317 4416 mulier
331 4357 417 4428 vultu,
432 4359 528 4415 mulier
537 4360 571 4416 de
585 4371 660 4416 costa
674 4360 724 4417 riri
738 4360 778 4418 m.

166 4449 225 4517 Quo
237 4465 315 4520 mage
324 4449 406 4508 ebera
420 4449 480 4507 niro
492 4460 520 4508 et
533 4449 611 4507 iateri
623 4450 658 4506 sit
672 4451 794 4523 conjugis
812 4466 884 4524 apta.

201 4540 300 4597 Ofelis
313 4541 424 4610 animai,
438 4543 538 4600 summi
550 4543 595 4601 eui
609 4541 704 4599 dextra
719 4543 850 4604 Tonantis

202 4700 216 4730 ⁸
235 4692 273 4748 lta
287 4706 338 4748 ms.
354 4692 477 4749 mudum
491 4693 527 4748 Ar
543 4693 618 4762 editi,
631 4694 721 4753 limite.
736 4696 836 4753 Consu.

1013 1903 1054 1960 Tu
1067 1919 1144 1972 sero,
1157 1904 1345 1976 Omnipotens,
1361 1907 1465 1976 privato
1479 1923 1591 1965 munere
1605 1908 1695 1982 larqus

1014 1993 1085 2067 iirqa
1099 1994 1248 2060 bominem,
1263 1996 1441 2068 manibusque
1452 1998 1506 2053 tuis
1521 1983 1666 2072 operisque
1678 2000 1770 2060 farore

1011 2087 1275 2158 impendeuspatria
1290 2090 1386 2161 pignus
1401 2091 1500 2160 pietate
1512 2091 1639 2161 colendo,

1011 2178 1052 2237 Ne
1064 2181 1128 2251 quid
1143 2179 1243 2237 divinis
1255 2179 1337 2237 modo
1351 2181 1423 2238 desit
1436 2183 1567 2249 vultibus,
1583 2184 1672 2255 iqnern
1692 2228 1696 2238 .

1011 2271 1134 2329 AErireris
1149 2272 1277 2341 munires,
1289 2280 1319 2329 et
1331 2287 1417 2328 saerse
1429 2275 1530 2332 mentis
1543 2276 1660 2345 opimam

1010 2366 1137 2439 brdulqee
1149 2376 1263 2437 partem,
1283 2364 1293 2405 ¹
1307 2367 1456 2439 permixtus
1469 2381 1584 2438 eorpore
1600 2377 1667 2435 toto,

1011 2458 1087 2515 Tune
1102 2458 1260 2515 meminisse
1275 2458 1339 2514 lieet
1350 2468 1485 2523 ueterum,
1498 2460 1642 2526 presentia
1655 2468 1675 2495 ¹¹³
1688 2473 1768 2516 nosse

1011 2551 1080 2607 iiine
1089 2550 1181 2617 datur,
1192 2560 1273 2621 atque
1284 2549 1381 2605 animae
1396 2548 1436 2604 ias
1450 2558 1493 2607 est
1504 2559 1620 2606 ventura
1632 2550 1738 2606 ridere.

1010 2640 1079 2698 Hine
1088 2641 1223 2713 loquimur
1231 2640 1408 2713 cernimusque
1417 2641 1511 2709 benun
1523 2641 1587 2699 bine
1596 2641 1685 2698 sidera
1695 2655 1798 2700 cuneta

1009 2733 1208 2803 Terrarumque
1219 2734 1293 2804 siqet
1304 2733 1404 2801 cuitus,
1420 2743 1572 2804 pontusque
1586 2744 1727 2802 nroretnr3

1011 2822 1080 2879 iiine
1089 2832 1174 2894 artes,
1183 2829 1198 2860 ἢ
1208 2837 1361 2894 nomenque
1372 2823 1468 2894 pudor,
1483 2822 1635 2892 prudentia,
1647 2824 1768 2894 justum

1010 2914 1079 2972 Hine
1092 2915 1190 2970 animae
1203 2921 1317 2986 surqunt
1337 2911 1432 2979 iortes,
1447 2912 1510 2969 bine
1523 2913 1611 2984 perqit
1625 2913 1781 2981 benmtum,

1010 3006 1044 3062 Ει
1053 3006 1095 3061 ria
1108 3019 1169 3076 qum
1177 3004 1254 3060 duan
1266 3011 1356 3060 matos
1370 3002 1404 3059 ad
1423 3002 1516 3060 timim
1530 3004 1605 3067 eoii.

1045 3101 1116 3170 iirqe
1129 3098 1268 3156 bominem
1281 3098 1360 3167 piene
1375 3094 1522 3166 perfeetum
1535 3111 1648 3152 munere
1663 3096 1744 3155 terris

969 3163 992 3225 C
1011 3190 1160 3261 Propone,
1175 3187 1299 3252 Genitor,
1311 3194 1340 3242 et
1355 3199 1446 3241 rerum
1460 3183 1544 3241 uadis
1557 3186 1693 3246 habenae:

1010 3280 1116 3337 (Iuncta
1131 3281 1228 3338 babeas
1242 3277 1392 3348 subdatque
1403 3273 1628 3350 rtte,⁰eeresque
1685 3277 1688 3280 '

1011 3373 1127 3429 Teiiusis
1139 3371 1276 3434 minus,
1292 3368 1410 3425 iunius
1423 3377 1495 3434 tuas,
1510 3368 1600 3424 omnia
1612 3368 1705 3424 mundi

1011 3463 1162 3529 Possideat,
1176 3470 1280 3517 tantum
1295 3458 1409 3514 bumirm
1421 3459 1470 3513 tibi
1485 3457 1588 3514 serviat
1601 3461 1658 3513 uni.

1045 3550 1191 3618 Postquam
1206 3549 1308 3618 primus
1322 3545 1404 3600 bomo
1414 3545 1498 3600 vetite
1511 3560 1543 3601 ee
1558 3558 1668 3615 pascere
1682 3546 1755 3615 iiqno

1010 3637 1068 3694 Non
1085 3636 1183 3702 timuit,
1198 3645 1347 3706 captusque
1359 3634 1431 3690 deiis
1446 3648 1477 3689 se
1491 3631 1605 3703 praeusi
1618 3635 1710 3705 anqui,

1009 3727 1071 3785 Stat
1084 3741 1160 3797 reus,
1175 3735 1204 3783 et
1217 3725 1305 3782 nudus
1317 3724 1425 3796 dejecto
1437 3722 1539 3782 tuusne
1552 3733 1655 3779 restem

1010 3819 1171 3893 implorans,
1189 3815 1387 3885 bominumque
1402 3814 1481 3886 sugit,
1495 3814 1653 3885 vultumque
1673 3818 1796 3873 reeondit

1011 3911 1094 3981 Cuipa
1107 3923 1200 3966 eomes
1212 3908 1346 3978 sequitur,
1361 3914 1473 3976 peceato
1487 3904 1604 3962 obnoxia
1618 3905 1672 3964 rita

1010 4000 1137 4056 Debilitat
1149 3999 1231 4064 eires,
1246 3996 1316 4053 emin
1327 3995 1463 4051 venientia
1476 3995 1560 4052 dona.

1010 4088 1123 4146 AErbere
1136 4087 1269 4144 demissus
1281 4085 1410 4157 paulatim
1424 4084 1518 4142 defluit
1528 4084 1608 4157 ignis,

1011 4180 1123 4251 Frigore
1138 4177 1241 4247 peeeati
1252 4176 1388 4248 torpentia
1398 4176 1482 4233 eorda
1491 4177 1640 4246 riqmeunt.

1010 4270 1080 4327 Cura
1094 4269 1147 4328 eibi
1161 4268 1346 4340 ventrisquae
1360 4267 1479 4334 subibat,
1493 4281 1558 4322 eura
1571 4267 1677 4338 tegendi

1010 4361 1151 4432 Corporis,
1165 4371 1195 4419 et
1210 4374 1317 4420 merum
1330 4358 1449 4416 subeunt
1461 4356 1586 4414 mortalia
1601 4367 1705 4427 peetus.
1785 4417 1789 4422 ,

1045 4458 1169 4514 aneitur
1180 4454 1244 4510 birse
1254 4451 1344 4524 proies
1357 4451 1471 4520 pereae,
1483 4447 1615 4519 germinat
1629 4447 1692 4506 indo

1012 4550 1134 4607 beterim
1145 4545 1256 4604 soboles
1270 4543 1367 4608 multo,
1381 4540 1513 4613 pejorque
1525 4538 1610 4611 priori

971 4703 998 4764 Β
1049 4701 1056 4753 Ι
1081 4700 1110 4755 in
1132 4712 1184 4754 ms.
1207 4694 1341 4757 inudun..
1359 4693 1479 4763 fouendo
1498 4692 1577 4748 sucin
1593 4691 1622 4748 {n
1641 4708 1721 4750 versu
1740 4709 1800 4769 seq.

203 4761 216 4799 ¹·
238 4762 335 4824 Veitz..
346 4778 405 4830 exe,
417 4772 445 4819 et
453 4779 528 4833 mus,
539 4764 646 4832 noiomi,
655 4782 709 4821 non
717 4768 845 4824 adsertor.
856 4768 956 4827 Consu.
1010 4770 1095 4833 Alias,
1110 4776 1292 4824 eistetensem.
1309 4763 1409 4821 Consu.

204 4841 216 4870 ε
235 4832 336 4899 Quesn.
352 4837 456 4888 ratione
470 4835 559 4898 metri,
572 4836 654 4890 dones
668 4852 774 4892 munem
786 4838 883 4905 opimo.

202 4898 217 4939 θ
234 4903 349 4972 Repouit
360 4901 488 4967 Veitzius,
500 4905 598 4959 curretis
609 4919 687 4974 qenes
697 4907 815 4961 amnibus
826 4908 893 4962 unde
902 4920 956 4974 ert,·

166 4971 215 5027 sed
226 4987 279 5027 non
292 4973 379 5029 reddit
390 4972 551 5029 sententiam
562 4977 690 5041 aucturis,
702 4979 801 5045 quippe
810 4979 856 5047 qui
866 4978 956 5035 iiuriis

166 5043 299 5113 originem
313 5043 424 5097 arduam
439 5043 578 5109 attribuit;
598 5046 708 5116 quises
724 5045 842 5103 tontibus
862 5049 955 5106 oriun-

168 5121 220 5221 tnr‘,
235 5117 280 5237 gui
292 5128 320 5237 pr:
335 5112 501 5234 ardetistesse
515 5115 615 5170 soient.
631 5117 730 5173 Gener.
801 5149 805 5158 ‹

257 5198 290 5237 ou
320 5221 328 5236 .
379 5197 485 5238 oener.

203 5251 215 5291 i
235 5199 378 5317 demusin
391 5260 479 5316 textu,
492 5254 540 5319 eit,
551 5264 578 5310 et
593 5253 620 5309 in
632 5269 716 5325 marg.
729 5255 816 5320 Aiias,
832 5259 881 5314 uir.

203 5323 272 5377 tita
287 5337 339 5377 ms.
363 5321 439 5377 Goib.
465 5338 526 5377 eum
549 5324 634 5380 i'eitz.
649 5327 735 5394 Alias,
759 5326 822 5382 Non
845 5330 958 5402 loqueris

167 5391 266 5446 ciarum
282 5396 367 5461 riom.
382 5392 482 5449 Conse.

203 5460 217 5499 h
236 5461 311 5517 Nunc
326 5462 433 5518 ridetur
449 5461 524 5532 pedis
538 5477 601 5531 pars
612 5463 645 5518 ad
658 5478 754 5520 versus
768 5483 829 5525 eom
850 5469 957 5524 iernen·

169 5541 224 5586 tnm
238 5534 349 5594 deesse:
363 5532 411 5587 sed
423 5547 476 5586 non
487 5535 558 5599 apud
573 5535 708 5602 antiquos,
720 5536 818 5607 quibus
833 5541 859 5593 rd
873 5541 957 5595 moris

168 5613 225 5657 emt
238 5613 267 5656 ut
280 5611 410 5729 exspectat
430 5603 559 5673 ieqerent.
573 5601 674 5659 Cossu.

208 5673 214 5708 ¹
236 5671 312 5741 Legit
345 5674 409 5729 eitz.
419 5688 493 5742 mox,
504 5683 575 5728 costa
584 5676 683 5745 cupito,
694 5684 721 5732 et
731 5690 803 5744 mox,
815 5694 875 5735 nam
887 5686 959 5734 msto

168 5756 216 5811 pre
230 5743 262 5795 de
273 5752 354 5796 costa.
368 5742 468 5798 Conse.

309 5836 444 5897 Parnon.
467 5836 504 5899 t.

1046 4838 1060 4879 ¹¹
1080 4840 1177 4900 inita..
1194 4836 1302 4891 berete
1336 4835 1434 4889 esium
1455 4833 1518 4887 esre
1537 4849 1679 4905 ausuque
1691 4832 1800 4890 deiurio.

1009 4909 1136 4966 Nonuibii
1152 4909 1223 4962 iavet
1235 4922 1286 4962 ms.
1326 4914 1371 4961 ret.
1382 4903 1527 4962 ameunda
1538 4918 1630 4960 maun.
1642 4906 1685 4960 du
1697 4903 1732 4958 in
1742 4907 1801 4961 nite

1009 4980 1140 5048 teretem?
1157 4975 1256 5034 Consu.

1047 5048 1057 5089 ¹
1078 5049 1157 5107 Solus
1169 5047 1296 5114 biennius,
1310 5043 1482 5117 nerninem,-
1491 5041 1539 5113 qui
1551 5040 1650 5097 deinde
1662 5041 1726 5110 ieqit
1738 5058 1800 5102 eum

1008 5134 1076 5176 mss.
1089 5120 1157 5176 vict.
1172 5128 1199 5173 et
1211 5115 1302 5180 tietb„
1322 5127 1430 5183 eor-pore
1444 5122 1541 5179 tetnn;
1558 5126 1591 5168 se
1602 5127 1709 5169 rursum
1727 5121 1802 5170 euim

1009 5191 1128 5261 subjicit,
1139 5188 1198 5242 itine
1210 5185 1364 5242 uteminisae.
1379 5183 1479 5240 Consu.

1046 5271 1066 5299 ι’
1083 5260 1197 5328 Quesn..
1209 5272 1259 5327 pro
1271 5270 1357 5321 nosse,
1368 5252 1449 5308 babet
1461 5252 1551 5306 menti.

1045 5338 1060 5367 ¹²
1077 5330 1178 5397 eresn.
1190 5329 1215 5381 in
1228 5336 1313 5392 textu,
1328 5334 1496 5393 monentque,
1511 5331 1541 5377 et
1555 5320 1582 5375 in
1595 5336 1682 5392 marg.
1703 5321 1801 5388 Alias.

1010 5414 1160 5470 nomenque,
1183 5395 1252 5467 qumi
1275 5410 1337 5451 eum
1347 5404 1456 5449 saeterrs
1466 5393 1550 5448 editis
1563 5404 1590 5447 et
1604 5407 1669 5448 mss.
1685 5393 1801 5449 retinui-

1011 5484 1156 5592 mt‘lts'Coib.
1167 5552 1236 5610 ms,
1251 5536 1391 5604 uiseretque
1410 5543 1513 5588 cuncte.
1529 5530 1599 5588 vict.
1615 5532 1742 5589 secundis
1756 5547 1801 5588 eu·

1010 5607 1058 5670 rin,
1074 5608 1188 5675 uiuosque
1202 5608 1330 5674 pererrrrir.
1346 5606 1447 5660 Conse.

1046 5688 1062 5728 r
1080 5677 1160 5733 Seius
1173 5675 1286 5743 Quom..
1306 5677 1383 5742 sebit,
1399 5689 1431 5729 ae
1443 5688 1516 5729 euro.

1524 5830 1560 5896 bi

1728 337 1798 394 sem
1889 315 1894 322 '
