4009 6184
237 333 306 391 tate
740 322 770 381 e.
791 319 920 382 amanti
937 314 1177 382 tamaianam
1195 310 1348 382 entstnnl
1804 325 1868 385 aar

236 458 328 510 tereo;
355 440 420 498 illud
439 446 513 497 recte
526 437 664 495 estimans
678 438 840 494 narrationis
856 437 995 493 exordium
1012 476 1020 500 ‚
1036 435 1060 500 Α
1074 447 1131 493 tere
1145 438 1286 506 promtum
1300 436 1344 491 illa
1359 434 1406 489 tibi
1419 442 1445 489 et
1461 432 1487 489 io
1499 436 1627 504 praesenti
1638 436 1862 508 pmrtaorasan

236 537 307 608 qood
322 537 379 603 ipse
392 531 521 603 judicarit
541 529 755 586 conuersationis
769 543 827 584 auae
840 530 949 598 dignum
961 541 1024 584 osse
1075 542 1129 584 nou
1144 529 1273 591 aetianae,
1288 537 1316 581 er
1328 525 1355 579 in
1370 525 1528 594 futuroque
1542 541 1596 581 non
1611 538 1726 597 possam
1736 528 1863 584 baeunur

235 620 408 697 principium,
424 620 651 691 quemadmodum
667 629 773 688 portum
786 635 859 676 uerae
871 619 965 673 salutis
979 619 1023 673 in·
1074 616 1196 686 cogitari.

236 715 363 778 traverit,
389 714 451 766 sita
476 712 553 765 istius
577 710 716 782 rpaulragio
730 716 867 778 superato,
883 706 1025 776 prolibare
1374 701 1487 759 CAPUT
1505 703 1548 758 tlt.
1586 724 1593 736 ·

237 803 359 860 tentabo.
1074 792 1211 862 Repugnat
1226 792 1343 847 littorias
1359 792 1504 846 Horrorem.
1529 790 1619 862 Httjttr
1636 793 1748 847 uiolenta
1764 796 1857 866 cappil-

257 884 259 886 ’
543 866 656 923 CAPUT
679 866 714 922 ΙΙ.
1094 864 1172 916 cotio.
1187 861 1344 916 Deliberotio
1359 860 1458 916 littorii
1469 865 1656 920 conversionem
1670 865 1835 932 parturientia

238 962 370 1018 Hilarium
391 960 505 1016 conuenit
533 956 680 1013 Honoratam
695 967 722 1011 ιιι
741 955 776 1010 oti
792 956 871 1011 Deum
886 962 1024 1020 consertor.
1111 971 1139 1027 g,
1162 968 1214 1026 geg
1229 984 1288 1026 cum
1305 969 1334 1025 B·
1355 969 1474 1025 pigmus
1495 972 1691 1026 „estuatione
1711 974 1863 1042 maim·

272 1075 299 1130 ὅ.
315 1073 389 1127 llunc
405 1072 487 1141 igitur
511 1070 574 1123 dum
599 1069 684 1123 beata
712 1069 850 1123 memoria
872 1068 1027 1123 Honoratus
1076 1075 1130 1130 qua
1139 1060 1270 1130 pollebat,
1280 1061 1438 1128 acrimonia,
1451 1076 1502 1131 qua
1513 1070 1629 1117 ceteros
1641 1063 1797 1132 superabat,
1808 1065 1865 1119 eio-

237 1172 314 1232 pater
329 1161 356 1216 in
370 1175 446 1215 norae
462 1161 523 1213 vitm
539 1156 767 1212 immortalitatem
793 1164 906 1227 cuperet
919 1156 1027 1226 pietatis
1076 1152 1193 1220 quentiae
1216 1151 1308 1217 tonte,
1329 1166 1384 1222 quo
1409 1152 1474 1221 ipsis
1496 1155 1553 1206 suis
1585 1153 1784 1210 institutoribtm
1808 1154 1865 1223 plor

237 1268 400 1322 regenerare
414 1251 581 1318 uisceribus,
605 1248 840 1319 congregationem
864 1263 912 1316 per
929 1263 959 1301 se
974 1248 1028 1303 Do·
1075 1238 1188 1305 florebat,
1212 1240 1262 1294 ista
1285 1239 1456 1309 destrueret;
1484 1256 1537 1296 non
1560 1241 1642 1297 facile
1667 1244 1864 1313 suscipiendum

207 1341 531 1408 minonoonqotsttnm
546 1337 715 1406 pausillulum
737 1334 890 1405 dereliquit.
915 1335 956 1389 ad
981 1350 1028 1405 pa·
1077 1330 1201 1393 credens.
1214 1330 1284 1400 quod
1299 1346 1433 1386 summum
1449 1345 1510 1387 esse
1524 1333 1623 1388 mentis
1636 1333 1745 1389 ridebat
1758 1336 1865 1398 intuitu,
1964 1341 1965 1344 ’

239 1434 438 1499 triam,e1qua
453 1444 514 1483 enm
528 1440 604 1481 amor
617 1426 768 1481 etalestium
789 1425 939 1494 expulerat,
959 1427 1028 1482 tanti
1078 1419 1109 1474 B.
1126 1421 1276 1475 ttonorotus
1290 1420 1323 1475 ad
1338 1420 1424 1476 Deum
1439 1430 1493 1476 tota
1508 1423 1632 1478 seanimi
1645 1425 1865 1484 rirtutecoorer·

238 1520 285 1574 litii
308 1518 445 1573 revocarit
461 1517 582 1571 allectus.
598 1515 719 1585 Corpore
731 1516 865 1580 infimius,
880 1526 971 1571 urettte
982 1531 1030 1572 va·
1079 1512 1120 1567 tit.
1137 1511 1195 1578 Qun
1211 1512 1281 1567 iacto
1294 1526 1348 1566 non
1362 1512 1450 1568 solnm
1470 1513 1631 1571 fastidientis
1655 1531 1810 1582 namneum,
1821 1534 1868 1574 ra·

239 1608 308 1664 lidus
321 1618 350 1663 et
363 1607 499 1675 robustus,
516 1605 638 1661 sobolum
655 1621 751 1664 notam
767 1605 879 1674 spiritali
901 1607 1029 1663 adborta·
1079 1615 1138 1655 rum
1162 1601 1243 1656 etiam
1268 1602 1395 1656 bumilem
1415 1611 1444 1658 ct
1465 1604 1617 1672 subjectum
1636 1606 1868 1666 cbristoauctora

238 1699 311 1755 tione
326 1698 493 1767 concipiens,
509 1697 686 1753 instructione
699 1696 838 1765 formans,
860 1699 1029 1755 orationibus
1079 1692 1205 1762 lnttymis
1229 1692 1429 1764 gemitibusque
1464 1698 1622 1764 promeruit.
1657 1697 1743 1765 Quen
1771 1702 1869 1758 biam

238 1804 394 1866 procreans,
407 1788 434 1843 in
444 1789 526 1843 corde
538 1788 662 1857 preclari
674 1789 785 1857 cespitis
798 1798 919 1844 sanctum
933 1804 1025 1846 setona
1042 1789 1063 1847 tt
1077 1782 1267 1838 nilh⁰t¹nti⁰n0
1280 1798 1333 1837 ¹¹0tt
1346 1782 1470 1849 deterat,
1485 1778 1602 1841 tiotenn
1612 1788 1811 1857 nnnniicationc
1823 1805 1869 1846 an·

238 1891 328 1936 aratro
342 1880 402 1935 lltlei
417 1878 608 1950 percolendum
631 1879 749 1950 jaciebat
770 1881 874 1950 peritus
889 1882 1026 1950 agricola,
1079 1873 1197 1941 perarit;
1219 1881 1369 1941 prostratus
1394 1873 1421 1927 5¹¹
1446 1885 1594 1944 conspectu
1607 1876 1737 1944 nomint,
1753 1890 1784 1934 ot
1797 1896 1871 1936 enin·

239 1968 310 2037 qood
339 1972 491 2024 orationum
512 1970 676 2038 perettuibus
700 1969 779 2023 dorsis
801 1979 828 2024 et
851 1970 1027 2041 lacrymarum
1078 1963 1138 2017 dem
1157 1963 1255 2019 celsini
1279 1963 1424 2030 exaltarem
1440 1964 1590 2033 inminenti
1604 1967 1714 2024 flumina
1736 1969 1869 2042 iacryma-

239 2060 384 2117 fluentibus
406 2063 470 2116 rivis
485 2062 623 2131 irrigabat.
639 2061 693 2117 Sed
706 2061 794 2116 areima
809 2076 951 2131 generosa,
968 2076 1028 2132 qnae
1078 2069 1150 2119 rum,
1164 2062 1216 2108 nii
1229 2054 1355 2125 lacrymis
1366 2054 1495 2109 “interni
1507 2056 1668 2112 futurorum.
1683 2059 1758 2117 lilino
1771 2060 1800 2115 in
1814 2062 1872 2131 eiua

239 2153 332 2206 taleam
346 2164 427 2222 atque
442 2150 577 2207 lallentem
593 2152 686 2207 saculi
709 2151 863 2207 felicitatem
885 2156 1028 2207 innumero
1078 2153 1189 2214 pectore
1204 2159 1280 2198 nntn
1293 2144 1464 2214 cogitationis
1483 2144 1580 2202 iluetus
1603 2158 1762 2203 exastoat:
1787 2152 1872 2208 soal

239 2243 422 2299 doctrinarum
447 2244 540 2299 tabor-e
565 2254 736 2313 conceperat,
764 2257 826 2298 cum
853 2242 886 2296 ad
911 2243 1029 2299 coelesgig
1079 2240 1169 2288 lanitii
1183 2231 1370 2287 altercantium
1383 2232 1489 2287 diversa
1505 2233 1619 2291 inierse
1640 2237 1755 2292 consilia
1776 2241 1871 2294 libitin-

241 2335 316 2405 regni
332 2334 455 2390 militiam
472 2342 623 2400 vocaretur,
638 2349 691 2388 nno
705 2332 791 2388 levem
805 2331 897 2388 babuit
910 2333 1029 2388 lacilem·
1079 2331 1176 2389 utum,
1186 2331 1211 2376 θ*
1224 2323 1266 2376 θῦῑ
1281 2322 1420 2377 ΙΙΙΙῙῑΙῐΙῑῑῦ
1431 2323 1534 2378 ”limini
1546 2327 1739 2394 'ssissfflbissfflt
1749 2329 1869 2396 [mh.

239 2438 293 2495 que
309 2422 323 2462 b
341 2432 482 2478 tractatum
498 2438 506 2480 ι
522 2422 738 2493 quandoquidem
754 2436 785 2476 ae
806 2422 941 2478 subtiliter
954 2423 1030 2492 inge·
1079 2409 1131 2481 ipsi
1151 2409 1326 2466 ¹¹¹¹¹¹¹⁰¹¹¹5¹¹¹¹³
1351 2411 1442 2467 mundi
1467 2424 1639 2483 ⁰li0¹¹¹¹n¹⁰t
1662 2416 1817 2474 nbiutttln·
1842 2418 1870 2474 h

241 2514 317 2570 rebat
331 2512 445 2568 dulcedo
461 2513 688 2583 praeambulum
703 2526 794 2566 reram
812 2510 917 2582 frugem
932 2521 960 2567 et
971 2511 1030 2582 glo-
1080 2503 1250 2574 suscipienda
1259 2503 1340 2574 igitur
1350 2503 1468 2561 caelestis
1479 2507 1580 2561 militiae
1590 2508 1714 2564 tirocinia
1728 2511 1870 2580 exciutm,

241 2604 308 2660 riam
333 2604 503 2659 obstralteret
526 2608 687 2658 tirturorum.
716 2601 770 2657 Sed
797 2601 856 2671 pius
882 2611 958 2671 pater
987 2601 1030 2657 lais
1080 2593 1249 2649 tallasecum
1269 2595 1326 2662 5⁹⁵0
1344 2594 1646 2653 deliberatzlostodiis
1666 2600 1873 2657 saeeniienttsti·

241 2681 476 2750 adhortationibus
498 2694 617 2749 animum
643 2693 734 2748 mrtodi
762 2691 941 2762 prosperitate
964 2705 1029 2747 con·
1082 2683 1131 2738 tuti
1155 2700 1355 2756 ntit¹¹¹¹¹¹¹¹tluim
1371 2686 1501 2743 Suidendff
1514 2687 1707 2746 dilibfflfissfle
1723 2708 1871 2764 ⁸¹¹⁸oelt¹³0

241 2788 364 2842 strictum
377 2786 484 2842 soluere
498 2787 648 2856 gestiebat:
666 2784 733 2856 Ego,
748 2784 796 2851 lli,
811 2798 927 2854 superna
944 2784 1029 2854 inspi·
1078 2772 1149 2844 iuni
1164 2776 1199 2830 ΙΙ)
1215 2774 1329 2844 illinisti·
1344 2776 1417 2830 utilia
1431 2777 1466 2832 ib
1479 2777 1632 2847 inutilibus,
1646 2796 1785 2853 perpetua
1803 2785 1873 2839 ἈΙΙ·

242 2878 348 2933 ratione
372 2875 536 2944 ssarrtmatus,
550 2885 579 2932 ut
593 2877 719 2946 perennis
732 2877 793 2934 vitm
807 2874 919 2946 gloriam
934 2889 1031 2932 conse·
1081 2865 1167 2922 briter
1179 2868 1377 2923 examinatione
1389 2869 1577 2925 discrevimus.
1598 2871 1807 2945 Nonnumquam
1825 2878 1873 2931 tn-

242 2967 334 3037 quatis
348 2967 381 3020 ad
398 2951 492 3022 eadem
507 2965 565 3021 loca
582 2981 630 3036 pro
643 2974 669 3021 te
682 2966 771 3021 redite
782 2966 944 3035 compellor,
957 2965 1031 3021 uode
1081 2959 1168 3013 ninnii
1185 2960 1291 3015 nntibni
1306 2961 1475 3017 biandissniti
1487 2964 1604 3032 speciem
1618 2964 1731 3032 isssfifiae
1751 2967 1873 3023 onitin!

241 3060 342 3130 jamdiu
358 3059 511 3128 fugiendum
523 3072 583 3114 esse
594 3058 706 3124 salubri,
718 3067 748 3113 ut
760 3056 861 3126 cernis,
873 3057 1031 3113 definitione
1081 3049 1146 3102 nini
1161 3058 1299 3105 ttnntltie
1312 3050 1469 3106 celavimus·
1483 3053 1531 3108 iiic
1544 3053 1608 3123 qnid
1619 3055 1753 3125 agentium
1766 3067 1819 3124 est,
1828 3058 1873 3113 abl

242 3149 382 3205 constitui.
395 3150 452 3204 Nun
467 3149 514 3204 tibi
528 3160 643 3214 terrena,
656 3149 704 3204 sed
715 3147 849 3213 caelestia:
865 3164 917 3204 non
929 3148 1029 3205 caduca
1043 3133 1066 3197 C
1080 3154 1161 3196 ⁰²¹¹st
1172 3142 1284 3197 tntilli?
1297 3144 1391 3198 illuni
1403 3153 1523 3211 aterne,
1546 3148 1591 3202 nbi
1614 3157 1702 3203 elatus
1729 3151 1828 3205 nn'tntt
1847 3159 1875 3205 σί

244 3253 306 3294 cum
321 3239 433 3304 mondo,
447 3237 494 3292 sed
506 3247 607 3292 aeterna
621 3253 681 3292 cum
694 3221 816 3304 Claristo,
831 3237 926 3293 eodem
948 3251 1033 3307 spon-
1082 3231 1246 3287 ininttorotn
1262 3233 1390 3289 coelorum
1403 3245 1445 3291 est
1456 3236 1593 3306 pensanda
1605 3239 1758 3295 securitas?
1776 3240 1876 3297 Grandi

244 3342 307 3382 sore
325 3340 379 3395 qun
400 3327 525 3395 largitore
547 3326 683 3390 muneris,
708 3326 734 3380 iu
757 3335 916 3396 perpetuum
939 3324 1032 3396 prori-
1083 3325 1238 3379 maturitate
1254 3325 1391 3380 tractanda
1404 3337 1477 3395 suut,
1492 3328 1519 3382 in
1535 3329 1631 3397 quibus
1646 3330 1681 3385 ad
1695 3339 1807 3400 portum
1822 3346 1877 3402 poa

244 3432 334 3473 surus.
352 3417 415 3481 ista,
429 3430 490 3486 quae
504 3417 752 3486 sequeris,atquae
765 3417 856 3471 animo
869 3418 1031 3489 concepisti,
1083 3413 1185 3469 nitendi
1199 3417 1485 3487 nccratinsuperest,
1505 3433 1555 3475 tteo
1575 3434 1711 3476 recursus.
1730 3420 1876 3493 AEquitafia
1964 3457 1965 3478 ι

245 3523 319 3563 mors
342 3516 431 3576 potest
452 3515 463 3544 ο
486 3506 649 3576 intercipere
670 3505 744 3561 omni
766 3506 919 3562 eommunis
939 3507 1033 3564 enne
1084 3501 1161 3561 tanne
1180 3516 1277 3560 ennete
1291 3508 1514 3578 pennnuasonr,
1534 3526 1594 3581 qna
1609 3512 1733 3569 utilioris
1757 3516 1878 3585 ponens

245 3613 306 3669 quae
324 3606 413 3652 autem
433 3597 534 3652 suadeo
547 3612 602 3653 non
615 3596 772 3653 deserentes
785 3609 881 3668 parant
905 3597 1032 3669 divitias,
1083 3609 1239 3652 mensuram
1259 3600 1401 3670 suppleant
1415 3599 1442 3655 io
1457 3600 1526 3656 libra
1543 3602 1665 3672 justitiae.
1687 3602 1797 3662 Curicta
1819 3622 1878 3678 qn:

245 3687 294 3745 ted
307 3702 463 3753 mansuras;
479 3702 528 3742 nec
543 3686 701 3755 temporalia
716 3688 877 3755 commoda,
892 3688 939 3745 scd
954 3699 1035 3748 teter·
1083 3702 1099 3742 a
1113 3689 1274 3745 mortalibus
1285 3698 1458 3759 expetuntur,
1466 3691 1530 3748 licet
1541 3693 1796 3764 incomparabiliter
1807 3697 1879 3752 relat

245 3792 299 3844 na;
317 3792 367 3834 nec
391 3779 484 3834 titulos
497 3779 701 3834 vanescentium
716 3779 860 3850 hortorum,
875 3779 922 3836 sed
938 3795 1035 3851 peren·
1084 3778 1202 3847 pretiosa
1216 3778 1413 3849 desiderentur,
1438 3781 1495 3851 ipsa
1519 3784 1649 3839 continuo
1671 3784 1822 3856 adeptione
1840 3787 1881 3841 ri-

246 3883 308 3926 nem
327 3869 440 3940 gloriam
456 3871 576 3926 tribuunt
590 3871 758 3940 angelorum.
773 3871 801 3927 lu
817 3873 909 3928 saculi
921 3887 1034 3931 comer-
1084 3866 1211 3934 lescunt;
1240 3876 1339 3924 natura
1359 3870 1475 3925 nntnnnn
1499 3871 1630 3928 vitiorum
1653 3875 1738 3931 noxio
1756 3875 1880 3933 manica

246 3961 352 4017 satione
373 3962 486 4025 volatili,
501 3975 581 4030 quam
597 3960 736 4032 Scriptura
756 3963 914 4032 prophetica
929 3965 1033 4021 umbrae
1084 3958 1217 4028 intentu,
1239 3974 1293 4015 nnn
1314 3969 1450 4028 contenta,
1479 3962 1551 4032 tinnd
1566 3962 1734 4033 nnlnil,tton
1752 3969 1879 4035 ainata.
1964 3961 1965 3986 Ι

247 4052 387 4120 apparenti
399 4060 427 4107 et
439 4051 511 4107 illico
524 4052 679 4107 vanescenti
689 4051 804 4108 credidit
814 4053 1033 4123 comparandam,
1084 4049 1157 4119 qnod
1171 4051 1338 4120 contutant,
1359 4052 1385 4108 in
1406 4067 1490 4108 notas
1503 4055 1681 4125 cupiditatum
1701 4056 1779 4115 troes
1801 4061 1881 4115 darn-

246 4138 349 4204 dicens,
363 4136 425 4194 Dies
437 4141 487 4193 mei
499 4141 564 4194 rieul
573 4141 663 4194 umbro
675 4150 827 4209 preteream
838 4139 923 4211 (Ptol.
937 4157 1033 4210 cuttu,
1085 4153 1189 4194 tnntnm
1202 4155 1279 4197 mota
1294 4142 1467 4198 detrimentis
1481 4145 1689 4216 sniscrcscens,
1713 4150 1809 4218 pabuli
1835 4165 1882 4206 as·

246 4229 287 4299 Ι),
312 4240 384 4286 recte
405 4229 532 4299 quidquid
547 4229 689 4298 aspicitur,
703 4226 717 4265 ‘¹
730 4230 914 4299 deceptorium
929 4231 1035 4301 iudica-
1085 4232 1239 4308 sumptione
1252 4233 1392 4298 detio-iens,
1415 4251 1464 4291 nec
1488 4237 1641 4310 intelligens
1654 4241 1727 4310 qaod
1742 4258 1883 4300 nonnon-

248 4329 302 4376 tur.
319 4321 353 4376 Et
367 4320 426 4376 ideo
440 4335 487 4376 seu
499 4335 642 4391 corporum
653 4320 734 4387 uires,
748 4335 795 4376 seu
812 4323 1033 4391 patrimoniorum
1085 4338 1165 4394 quam
1192 4325 1219 4380 in
1248 4324 1313 4396 ipsis
1333 4327 1475 4382 conatibus
1490 4338 1577 4385 morte
1592 4330 1735 4386 immatura
1762 4347 1880 4390 moran

247 4409 400 4477 lacultates,
427 4425 475 4466 seu
497 4408 633 4465 felicitatis
649 4419 662 4448 ι
675 4419 818 4481 augmenta
831 4453 839 4478 ,
855 4412 897 4467 sel
910 4411 1033 4469 diversa·
1086 4413 1194 4483 cogitur
1207 4415 1299 4470 subire
1323 4425 1490 4487 perpetuam.
1507 4418 1542 4473 Et
1555 4418 1657 4476 idcirco
1670 4423 1735 4492 quid
1747 4424 1855 4493 irretitis
1868 4468 1879 4495 ,

246 4515 305 4555 rum
322 4502 530 4570 prosperitatum
546 4499 672 4570 insignia,
688 4516 757 4569 pene
769 4511 812 4556 est
822 4508 852 4555 ut
870 4512 933 4557 ante
947 4510 1035 4557 traus-
1047 4482 1074 4543 Ῑ)
1086 4502 1240 4574 prudentia,
1264 4503 1407 4575 tortitudo,
1434 4514 1610 4581 temperantia
1631 4512 1823 4574 demonstrare
1834 4532 1882 4574 aa·

246 4598 310 4647 eant
328 4606 408 4661 quarn
425 4593 555 4659 producta
566 4591 658 4646 laetitia
671 4590 692 4657 t,
702 4591 882 4662 quolibctnsn
896 4602 1034 4649 auctorem
1087 4592 1170 4660 leant,
1187 4602 1218 4650 ot
1228 4594 1339 4666 dignum
1354 4607 1407 4668 ast,
1420 4600 1579 4670 cogitemus.

247 4682 378 4752 incipiant
387 4682 533 4737 oblectare.
544 4683 609 4749 Quae
619 4692 707 4739 tamea
720 4683 782 4754 plus
794 4694 867 4740 metu
881 4685 1036 4743 amissionis
1121 4685 1149 4743 ὅ.
1163 4686 1269 4743 iustitia
1283 4689 1428 4759 persuadet
1439 4691 1508 4748 nibil
1522 4693 1631 4749 auctori
1646 4693 1882 4768 Redemptariqaa

247 4773 402 4827 excruciant
426 4781 573 4826 amatorem
596 4787 676 4843 qoam
700 4788 756 4829 suae
777 4775 964 4845 prosperitatis
978 4792 1037 4832 am·
1087 4780 1297 4848 praeponendum
1314 4793 1322 4835 t
1338 4781 1398 4850 quia
1412 4794 1555 4853 propterea
1567 4783 1700 4840 Divinitas
1713 4787 1749 4842 ad
1762 4801 1819 4844 noa
1830 4791 1883 4842 ha·

248 4861 304 4917 bitu
329 4861 465 4915 laetitlcent
489 4861 682 4931 possidentem.
707 4862 813 4933 iugiter
825 4873 962 4935 suspecta,
984 4880 1036 4923 nec
1088 4868 1189 4923 miliata
1204 4869 1357 4938 descendit,
1371 4881 1401 4927 ut
1417 4872 1451 4927 ad
1465 4874 1585 4929 caelestia
1603 4889 1688 4945 regna
1709 4890 1764 4932 nos
1778 4876 1884 4934 tamer

247 4960 338 5008 tamen
352 4951 498 5017 manentia,
511 4966 587 5007 more
600 4952 706 5008 subdoli
720 4952 804 5008 bostis
815 4954 961 5025 ingerentis
972 4969 1035 5025 par·
1088 4964 1241 5042 peruenire.
1262 4962 1346 5020 Recte
1361 4965 1505 5036 deputatur
1524 4967 1612 5024 eidem
1636 4970 1703 5035 vita,
1731 4970 1780 5041 qui
1794 4970 1882 5025 defit.

246 5057 307 5098 raur
321 5041 450 5111 praedam.
467 5051 496 5097 ut
510 5043 595 5111 possit
607 5042 725 5099 animam
739 5055 871 5115 perpetuo
884 5055 978 5101 tenore
990 5061 1037 5103 ca·
1089 5052 1264 5122 ltedemptori
1277 5053 1392 5111 debetur
1403 5056 1572 5127 obsequium.
1586 5060 1783 5129 amplectenda
1799 5060 1884 5116 desa·
1964 5087 1965 5096 ι

247 5134 359 5205 ptiram.
375 5131 410 5187 Ει
431 5132 492 5189 iden
515 5147 644 5189 accenms
656 5149 709 5189 non
731 5134 1036 5202 cenommannica
1088 5141 1137 5208 do,
1151 5157 1211 5212 qua
1223 5142 1337 5213 gloriam
1353 5148 1422 5216 parit
1435 5146 1573 5217 dignitatis
1596 5150 1737 5221 angelica.
1756 5151 1884 5208 ernau·

247 5225 339 5281 dirioo
353 5233 430 5290 noto,
449 5225 512 5293 quia
527 5239 581 5281 non
594 5224 662 5281 lallit
680 5227 726 5282 ille
746 5225 792 5298 qui
811 5227 879 5283 dixit
903 5228 1036 5284 interiora
1089 5231 1125 5286 tia
1148 5232 1273 5288 similiter
1286 5233 1366 5291 docet
1377 5236 1485 5294 illorum
1497 5242 1622 5310 exempta
1640 5241 1743 5298 &bora
1755 5242 1882 5302 meari.

248 5314 342 5386 llagrra
356 5323 384 5370 et
397 5327 477 5385 supra
489 5330 570 5385 qnam
582 5316 656 5372 medi
669 5327 781 5387 possunt
795 5318 830 5376 de
849 5329 876 5376 te
892 5319 960 5375 mitri
980 5335 1039 5377 me
1088 5323 1134 5393 qui
1148 5322 1263 5381 Domino
1275 5325 1445 5395 placuerunt.
1458 5328 1596 5401 Eligamus
1608 5347 1684 5403 ergo,
1694 5333 1741 5405 qui
1754 5343 1884 5389 nour-

284 5481 298 5510 ·
310 5469 376 5527 cod.
400 5472 656 5543 cinnamomum
676 5476 830 5544 procellam.
855 5474 920 5534 Post
934 5489 1031 5546 pauca,
1086 5478 1173 5536 Lirin.
1192 5480 1274 5537 babet
1286 5483 1412 5540 criminis.

249 5540 417 5621 colatur-pro
430 5544 570 5600 manasen
579 5547 606 5600 in
616 5545 711 5602 endem
721 5544 806 5602 Lirin.
817 5554 844 5602 et
856 5548 884 5602 io
899 5545 1033 5618 vmtteg.
1125 5546 1140 5588 ἃ
1158 5549 1217 5605 iat.
1233 5551 1311 5622 ing,
1324 5553 1371 5608 dcc
1402 5556 1448 5610 tio.

284 5603 396 5662 tttrrn.
412 5612 487 5675 cod..
502 5616 627 5670 tractarit.
1126 5628 1139 5657 s
1155 5620 1226 5675 edit.
1241 5619 1320 5676 iton.
1336 5623 1369 5677 lt
1388 5624 1416 5685 ἱ.
1429 5637 1591 5695 argumenta.

288 5673 362 5728 ‘Hc
378 5675 463 5742 aret,
475 5682 604 5749 incisim
627 5692 655 5740 et
677 5692 738 5753 post
760 5698 864 5755 panca,
888 5700 937 5756 pro
964 5686 1037 5742 eron
1128 5688 1219 5746 'cod
1237 5690 1291 5747 Lir.
1308 5694 1383 5749 addit
1393 5695 1486 5752 leniter.
