4009 6184
179 313 234 374 825
661 315 779 377 bussio
797 319 827 378 S.
847 318 1065 414 niUtttt'tlel
1083 322 1255 381 sontoutnt
1277 323 1368 383 EJUS.
1764 332 1816 390 82ss

177 436 303 490 ementis
316 432 463 489 inminibus
474 443 538 489 tune
549 434 679 502 temporis
692 435 846 490 constitisse
861 434 969 491 dicerit.
984 437 1095 508 Aquod
1111 446 1191 493 tantm
1204 440 1371 495 auctoritatis
1386 449 1412 495 et
1428 441 1568 498 uetustatis
1583 440 1729 500 indubitata
1740 449 1815 503 testi·

176 504 313 561 Ceterum
331 505 442 561 totidem
463 506 637 574 epaunenses
651 516 785 576 martyres
807 504 891 562 luisse
905 506 972 570 dicit
1024 510 1261 571 mortiaasseront.
1277 510 1427 564 indubium
1453 526 1550 567 vocare
1572 515 1672 580 sinceri
1693 531 1746 571 uon
1772 526 1815 574 est

178 576 245 630 ritae
256 576 340 630 saneti
357 573 471 631 Ronutrri
487 574 593 629 abbatis
614 576 738 629 lorensis
758 584 852 630 auctor
866 577 972 644 ipsitnet
1022 578 1117 643 animi,
1132 579 1374 650 neeltominisqui,
1388 581 1489 652 rejecto
1502 583 1575 638 omni
1590 588 1704 654 partiunt
1712 588 1812 656 studio,

178 643 303 700 Rotnsdo
317 644 472 715 coaequatis,
489 646 533 715 qui
547 646 615 698 adeo
630 645 737 700 bbeme
759 648 859 700 soeculo
874 647 969 717 quinto
1022 649 1175 714 ueritatem,
1192 652 1379 718 undecumque
1399 651 1536 718 antiquat,
1553 655 1678 724 ampiecti
1693 668 1776 710 arctet.

175 714 280 770 denuit.
296 715 380 770 Porro
394 726 467 770 tarrta
484 715 599 770 rnilitum
614 715 704 770 caedes
717 717 820 780 absque
839 719 970 784 exemplis
1058 726 1085 773 d.
1109 719 1265 774 Latinorum
1282 720 1468 789 llartprologiu
1492 725 1599 790 antiqua
1615 732 1642 778 ct
1662 725 1810 782 recentiora

177 800 232 840 nou
248 786 346 841 iuerat.
364 785 477 841 Unicum
499 787 606 854 prolern
620 800 653 841 er
669 785 759 840 ilionis
772 785 861 840 Cassii
877 786 971 857 iliplti·
1021 800 1176 844 sanctorum
1197 791 1315 845 ilauricii
1338 807 1369 844 ae
1387 792 1522 846 sociorum
1543 796 1602 861 ejus
1625 794 1721 849 lestunt
1735 811 1810 851 reeo-

175 854 236 910 liun
250 859 277 909 iu
290 853 382 911 (inibe
402 855 473 918 Vita,
488 855 534 910 ubi
557 867 659 926 septem
683 856 768 910 utillia
788 855 969 912 Pretoriauo·
1022 858 1082 914 lunt
1096 861 1139 916 die
1152 858 1188 914 Ἠ
1201 860 1389 928 Septembris:
1404 874 1431 915 at
1451 877 1544 916 eorum
1565 867 1721 919 memoriam
1737 869 1808 937 apud

174 939 236 980 rtttn
261 926 375 981 miiitum
388 941 458 983 cesa
473 925 556 981 luisse
579 926 661 982 relect
678 927 720 980 irie
733 938 839 994 auctor,
857 937 970 983 ceteros
1021 928 1130 984 nimos
1145 930 1376 999 nullnmreperire
1389 932 1472 986 licuit.
1483 934 1549 987 naut
1562 934 1718 989 ntntuieimn
1734 937 1809 992 ilium

174 997 413 1052 rerodecimatos.
563 1005 567 1012 '
1021 1012 1178 1067 querrrcum
1202 1002 1369 1069 septuaginta
1393 1005 1474 1055 sociis
1498 1004 1626 1058 militibus
1639 1006 1682 1059 isti
1711 1007 1755 1060 die
1774 1006 1807 1061 il

211 1067 240 1121 5.
253 1065 368 1122 istorum
382 1081 447 1122 reru
461 1074 610 1138 martyrum
623 1066 746 1132 pontius,
761 1066 785 1122 si
804 1081 836 1122 ea
848 1067 970 1135 excipias
1020 1068 1121 1122 rurensis
1133 1069 1271 1124 Februarii
1287 1072 1435 1135 celebrant,
1449 1072 1530 1138 quinne
1543 1076 1666 1128 diversus
1678 1084 1745 1129 esta
1760 1092 1810 1130 no-

171 1150 236 1206 quat
249 1138 284 1191 ab
297 1137 433 1192 llucberio
442 1149 629 1201 recensentur,
646 1136 723 1191 nobis
746 1152 856 1209 prorsus
876 1139 967 1206 ignota
1019 1145 1078 1193 stro
1091 1138 1229 1203 bisancio,
1245 1144 1316 1195 inter
1327 1154 1405 1206 illivs,
1420 1152 1518 1208 preter
1532 1158 1640 1205 nouren,
1652 1145 1693 1198 rir
1708 1147 1809 1215 aliquid

171 1215 249 1262 sunt.
263 1205 391 1277 Plerique
407 1215 495 1262 tamen
518 1208 694 1263 Eocberinnis
715 1206 894 1262 Innocentium
918 1223 968 1262 seu
1019 1210 1126 1277 utrique
1143 1225 1286 1265 conrnune
1306 1210 1467 1265 invenietur.
1481 1213 1577 1267 Noster
1596 1216 1694 1283 quippe
1709 1215 1810 1271 llurtri·

170 1274 344 1331 lttnocetrtent
364 1290 391 1332 et
417 1276 527 1333 Vitnlern
541 1279 701 1348 adjungunt,
721 1279 768 1347 qtti
784 1287 968 1332 memorentur
1019 1279 1078 1332 eius
1091 1282 1116 1332 iu
1129 1279 1224 1335 Galliis
1238 1296 1299 1335 etttu
1314 1282 1416 1351 integra
1439 1281 1545 1351 lcgiune
1558 1297 1654 1351 passus
1678 1295 1734 1350 est;
1757 1286 1809 1341 iste

174 1346 202 1401 itt
215 1347 410 1417 antiquissimis
423 1349 487 1403 lter·
511 1348 632 1416 rulogiis,
648 1359 728 1415 atque
742 1348 768 1402 in
780 1345 969 1402 Sacramenta·
1019 1363 1108 1403 ruem
1124 1354 1248 1417 Apamea·
1263 1353 1289 1405 in
1300 1352 1388 1421 Syria,
1404 1357 1543 1420 prmutlsso
1564 1352 1597 1407 ad
1618 1357 1737 1423 nturtyrri
1752 1357 1809 1424 pul·

170 1416 214 1471 rio
227 1417 394 1483 Gregortmu
406 1437 436 1471 et
452 1363 513 1473 corf.
526 1418 685 1474 Cttrbeieusi
700 1418 818 1480 lietoldi,
835 1420 967 1472 trtobser·
1019 1433 1090 1473 rnatu
1116 1421 1172 1475 nito
1194 1437 1243 1475 sno
1259 1422 1384 1479 Pitotirto.
1402 1431 1541 1489 pustqunut
1562 1424 1655 1477 decem
1669 1422 1765 1479 dicbus
1781 1434 1808 1479 ct

170 1494 318 1543 ratnnster
332 1489 407 1557 llogo
421 1488 567 1544 llerutrtlus
581 1491 690 1545 innotis
704 1504 765 1558 pag.
782 1487 926 1550 inmitem
939 1488 965 1541 itt
1018 1489 1142 1542 noctibus
1156 1493 1335 1546 intolerabilia
1352 1500 1485 1545 torrueuta
1496 1507 1557 1545 cunr
1573 1495 1629 1546 suis
1642 1494 1722 1547 suciis
1744 1509 1807 1562 per·

103 1624 107 1629 .
171 1558 285 1626 antiquo
299 1557 360 1612 eud.
376 1573 427 1612 ms.
449 1559 576 1613 Ecclesiae
596 1559 809 1630 metropolitane
825 1557 965 1612 liernrnsis
1017 1562 1133 1623 tulisset,
1148 1564 1230 1615 siruul
1244 1577 1304 1615 tum
1314 1561 1407 1615 iisdem
1421 1562 1491 1615 inter
1501 1576 1594 1631 preces
1606 1562 1686 1616 linetu
1701 1565 1808 1619 uirenrli

169 1626 442 1692 altisqtreuontrullis.
459 1625 540 1682 Certe
557 1630 702 1684 (interiens
723 1627 815 1681 litnlis
828 1628 966 1682 seabltoc
1017 1628 1185 1685 cocinitque
1204 1631 1361 1686 llartricirtm
1381 1644 1525 1702 martyrem
1550 1633 1640 1685 lattdut
1659 1633 1808 1688 'l'ireodori-

169 1706 267 1751 taneto
278 1710 396 1769 ntartyre
412 1698 526 1754 vitalem
540 1700 704 1770 appellntom
716 1698 798 1752 titisse
813 1697 897 1753 celent
915 1698 963 1753 lib.
1018 1710 1061 1753 tus
1071 1715 1197 1756 serntoue
1217 1704 1279 1758 8de
1295 1701 1448 1756 Grecatum
1463 1700 1634 1757 anecttuunm
1646 1701 1805 1768 Cererique:

168 1778 218 1820 xtu
231 1767 353 1823 Historiae
368 1769 567 1824 ecclesiastieae.
588 1770 738 1833 tl'ntrrenpue
751 1768 853 1836 Vitatis,
866 1769 963 1837 inquit,
981 1802 1005 1862 B
1018 1772 1082 1823 dcta
1097 1786 1161 1828 tero
1170 1773 1255 1840 ipsiius
1268 1773 1372 1841 integra
1387 1787 1418 1826 er
1427 1771 1555 1827 Sinteoue
1565 1772 1746 1842 lietapltraste
1758 1774 1808 1828 ba·

169 1852 219 1904 pro
232 1836 340 1908 displice
355 1840 473 1909 nomine,
489 1842 557 1908 quod
572 1840 740 1893 Norirtrartut'r
760 1839 883 1893 tritonum
902 1855 962 1893 eeu-
1016 1840 1113 1895 beutur
1128 1843 1171 1896 die
1183 1845 1215 1896 ul
1233 1842 1369 1897 Februarii
1384 1841 1563 1896 bollandiani.

168 1909 281 1962 restatur.
303 1909 365 1961 mini
378 1909 525 1980 impositum
539 1921 588 1974 est,
608 1911 675 1980 quod
702 1909 733 1963 ub
759 1925 810 1962 uun
834 1910 962 1964 rodolium
1050 1916 1077 1965 i.
1092 1914 1290 1980 dgntrneusiunr
1308 1927 1456 1984 martyrum
1480 1914 1632 1981 passionem
1658 1911 1806 1968 etiannum

168 1979 252 2030 snrtcti
269 1977 390 2032 Mancini
402 1982 536 2051 nurtqrir,
548 1983 622 2046 euius
644 1991 704 2035 tene
720 1982 872 2050 ittartpriuur
896 1980 963 2033 cele-
1013 1978 1065 2037 297
1080 1985 1163 2039 relect
1177 1985 1324 2039 cardinalis
1340 1983 1479 2051 Burtrrtius,
1492 1999 1570 2053 quarn
1583 1995 1672 2038 innuen
1691 1984 1724 2037 ad
1739 1983 1805 2038 Dio·

169 2045 304 2112 icebatur,
320 2057 465 2103 mutuatum
489 2061 537 2105 ert.
562 2052 637 2110 Attus
658 2050 740 2107 etiarn
763 2067 796 2105 cx
812 2050 906 2104 endem
924 2051 962 2105 le·
1013 2053 1123 2109 elesiarii
1137 2062 1165 2110 ct
1177 2054 1329 2109 Maximiani
1346 2054 1540 2124 imperatorum
1555 2053 1632 2108 initia
1656 2055 1743 2123 potius
1758 2068 1804 2108 re·

167 2116 250 2185 gione
264 2129 404 2190 martyres,
419 2119 465 2190 qui
480 2119 633 2176 luctetunc
650 2123 684 2177 ab
701 2122 821 2176 exercitu
837 2120 959 2186 aberant,
1013 2126 1161 2180 coeundum
1176 2140 1236 2180 esse
1248 2138 1399 2181 censemus.
1417 2123 1482 2178 Earn
1504 2138 1570 2179 tero
1581 2124 1614 2177 ad
1637 2138 1736 2177 annum
1749 2124 1804 2178 288

167 2197 213 2239 aut
229 2198 306 2243 certe
319 2200 383 2243 aute
396 2190 465 2245 istud
481 2192 614 2247 excidium
636 2194 761 2262 gencrale
778 2192 834 2260 jam
855 2191 962 2246 tirenum
1012 2197 1167 2266 consigniri
1183 2210 1262 2264 posse
1272 2195 1421 2264 colligimus
1436 2209 1469 2249 ex
1484 2209 1517 2248 eo
1531 2193 1602 2262 qrrod
1629 2193 1806 2248 lluxirniauus

165 2260 451 2324 erinsummati,rariee
463 2262 959 2330 Ecclesiaeetebmnr.Quinquaginta
1013 2266 1165 2328 ilerculim,
1177 2282 1269 2333 qoem,
1289 2266 1326 2320 uti
1340 2266 1462 2319 eruditus
1484 2264 1607 2319 baluzius
1629 2263 1656 2317 iu
1676 2266 1747 2318 uotis
1769 2264 1803 2317 ad

168 2340 202 2382 ex
217 2331 281 2397 ipsis
290 2326 410 2386 Citiouite
423 2334 575 2402 Agrippinae
595 2349 689 2403 passos
713 2332 797 2388 luisse
812 2333 878 2386 dreit
890 2332 958 2386 Cre·
1011 2333 1141 2389 Luctantii
1151 2335 1271 2391 libellum
1282 2335 1657 2404 dellortibnspersecutorum
1667 2335 1803 2396 obser-uu,

167 2400 259 2467 gorius
273 2397 512 2459 Turonensislib.t
527 2403 561 2459 de
575 2403 666 2461 Gloria
680 2399 825 2473 blaityrum
836 2417 896 2471 cap.
912 2402 958 2464 62,
1012 2419 1084 2459 antro
1100 2408 1262 2472 precedenti
1277 2405 1456 2460 Diocletianus
1471 2408 1497 2457 itt
1517 2403 1623 2471 imperii
1637 2404 1802 2457 consortium

166 2482 282 2534 quorum
308 2470 446 2526 bellicam
462 2483 562 2528 sanctor
588 2489 682 2528 aureos
705 2474 867 2542 appellatam
892 2473 957 2526 olitu
1011 2487 1206 2545 assumpserat,
1221 2486 1284 2531 tunc
1296 2478 1426 2543 temporis
1448 2476 1474 2527 iu
1493 2474 1586 2527 Galliis
1601 2489 1664 2527 eum
1683 2483 1804 2528 encrcttu

166 2535 252 2594 tuine
280 2551 378 2597 ruouet.
390 2541 540 2598 Gereonetn
552 2554 579 2599 et
593 2546 661 2600 ulios
674 2552 811 2599 trecentos
826 2543 958 2598 decernet
1011 2557 1132 2600 uersatus
1144 2545 1237 2601 luerit.
1253 2549 1327 2600 llaud
1343 2554 1431 2599 temen
1447 2544 1593 2599 dtltiteutur
1607 2543 1684 2598 ntum
1704 2550 1805 2613 ruarty·

165 2618 241 2674 octo,
285 2626 340 2677 uos,
366 2612 454 2682 inquit
477 2611 547 2679 ndo,
574 2631 605 2669 ee
626 2614 726 2685 iepione
745 2612 813 2667 berti
836 2611 957 2666 ilenrirli
1010 2629 1069 2668 curu
1083 2615 1236 2685 pusionem
1251 2618 1284 2671 ad
1306 2626 1450 2687 sequentes
1468 2628 1555 2669 annus
1571 2631 1649 2683 posse
1664 2613 1745 2669 etiarn
1759 2630 1804 2669 re·

163 2679 248 2748 [uiue
262 2626 357 2750 yssopi,
373 2681 400 2738 in
421 2683 514 2738 eadem
528 2686 594 2740 urbe
610 2700 703 2751 possus
728 2691 880 2739 memorant
900 2684 958 2738 rui·
1010 2683 1087 2740 lerri.

163 2748 425 2822 gatablartprolngin
439 2753 472 2808 ad
495 2755 568 2810 diem
594 2755 627 2811 tn
653 2755 791 2811 Octobris.
815 2749 957 2807 lloltcrmn
1043 2755 1187 2826 enganni
1203 2773 1267 2811 rcro
1284 2756 1485 2810 lrscrtsubiittce
1504 2754 1595 2810 clides
1621 2752 1732 2823 contigit
1753 2769 1802 2809 ex·

164 2832 325 2891 martyrem,
344 2838 425 2895 quern
435 2822 582 2894 Gregorius
606 2841 665 2895 cap.
680 2826 804 2894 sequenti
820 2824 847 2878 r'n
862 2822 957 2877 Berlu-
1009 2824 1070 2880 inde
1080 2829 1194 2882 celebris
1204 2829 1251 2881 ltrit
1265 2829 1334 2894 apud
1347 2826 1527 2896 Christianos,
1540 2840 1600 2879 cum
1617 2827 1652 2877 ub
1667 2835 1801 2879 tentorum

163 2892 239 2944 reensi
251 2892 346 2961 oppido
369 2908 430 2948 eum
457 2893 560 2949 l'istore
588 2897 651 2950 ilem
676 2904 795 2965 martyre
821 2898 954 2964 sepultum
1009 2906 1157 2965 tnartyrum
1182 2903 1422 2959 tttctttoristtt,tttttt
1447 2896 1660 2949 obetstrurtum
1678 2894 1713 2946 ibi
1737 2894 1804 2947 irrei-

163 2959 412 3028 spissescentem
433 2964 586 3019 Tlrcbucana
602 2966 709 3036 legione
733 2966 815 3021 luisse
835 2965 956 3020 nonnulli
1007 2981 1059 3035 goe
1079 2969 1284 3033 urnnusterium,
1308 2969 1379 3036 qumi
1403 2967 1533 3020 ltactetuts
1557 2975 1724 3034 perseuerat.
1751 2969 1802 3018 sub

162 3030 491 3090 mririunrlismrdusute
504 3037 534 3090 tu
544 3036 668 3092 Octobris
678 3039 749 3091 ltune
760 3050 821 3090 curn
833 3035 955 3090 Gereone
1007 3039 1092 3091 sancti
1105 3039 1222 3091 ilenritii
1236 3039 1344 3091 trontius
1361 3035 1539 3090 notissimum.
1552 3037 1638 3089 strum
1648 3045 1690 3086 cst
1701 3049 1725 3086 m
1734 3035 1802 3088 cliuu-

160 3101 307 3156 cnnlnndtt
318 3103 359 3156 itis
373 3103 596 3161 uerbisrct'uitnte
607 3107 789 3178 Aprippinenti
809 3106 892 3159 suncti
904 3103 953 3160 Ge·
1007 3110 1061 3161 cesi
1083 3107 1234 3162 Sedunettsi
1253 3109 1286 3161 ad
1303 3108 1408 3162 radices
1422 3107 1520 3161 montis
1546 3107 1632 3160 sancti
1657 3105 1799 3173 inritauit,

160 3173 952 3244 reunisnurtpris,ropuontentoMutinensemnliisecctvrtt,
968 3171 991 3233 C
1007 3177 1076 3247 quod
1101 3178 1188 3244 primo
1207 3177 1258 3232 snb
1278 3178 1370 3246 regula
1398 3177 1498 3242 primm
1527 3176 1689 3229 institutum.
1708 3181 1799 3241 postea

160 3243 219 3310 qni,
234 3250 287 3296 etc.
304 3244 400 3297 ttsdcm
415 3245 495 3314 volgo
514 3261 691 3304 rteeeuseuutr
706 3258 839 3319 ntartyres
860 3245 956 3301 'lauri-

160 3326 275 3377 neuscs‚
290 3311 422 3380 Octauios,
446 3315 605 3372 Adtentitius
629 3331 654 3374 et
670 3319 793 3383 Solrrtor,
808 3321 842 3371 dc
858 3318 954 3381 quibus

159 3392 274 3437 sanctus
288 3384 419 3437 liaaimus
431 3387 606 3444 laurinensis
624 3390 769 3458 episcopus
788 3388 855 3442 duas
867 3388 955 3443 bomi-

159 3452 216 3506 lias
230 3452 333 3517 habuit,
348 3467 522 3521 quaectstnut
535 3468 607 3513 tomo
620 3458 821 3514 lssibliotltecae
833 3458 953 3524 Patrntn,

160 3533 241 3591 parte
269 3536 287 3576 t.
309 3522 466 3580 Laudentur
489 3530 569 3583 etiam
596 3529 630 3582 :rb
658 3529 781 3584 Enuodio
806 3528 953 3597 Ticineusi‚

139 3603 246 3648 ‘carun
262 3607 280 3646 t.
296 3593 365 3648 Sunt
377 3604 404 3647 et
418 3596 464 3650 alii
480 3597 602 3653 celebres
628 3599 655 3653 in
669 3599 752 3654 uariis
771 3597 854 3652 ltalim
880 3598 954 3652 urbi-

160 3662 224 3730 bus,
241 3673 269 3716 ut
282 3661 440 3720 lineiurr'nus
455 3668 608 3732 llctiioinni,
623 3668 777 3734 Mauricius,
794 3666 918 3737 Georgius
928 3679 956 3724 et

160 3732 280 3789 Tiberius
294 3733 433 3800 Pirtnrioii,
450 3737 616 3795 Sebastianus
628 3751 655 3795 et
668 3739 784 3795 dionius
799 3740 912 3794 roesam
927 3742 953 3792 in

158 3802 278 3873 Liguria,
300 3804 447 3861 Alexander
466 3808 603 3878 bergomi.
619 3814 720 3881 dequo
737 3809 864 3879 bebelius
880 3809 955 3878 plura

158 3872 320 3929 babenber
334 3874 454 3944 deluere,
481 3879 506 3934 si
525 3880 642 3935 Notltero
661 3882 776 3950 aliisque
799 3879 954 3949 credamus,

157 3944 259 4014 legioni
274 3944 318 3998 isti
333 3956 465 4016 martyres
477 3964 510 4004 ex
525 3951 644 4006 leminis.
661 3953 699 4006 Ex
714 3952 757 4006 bis
771 3951 842 4006 idem
856 3948 956 4004 Nitike-

157 4029 207 4071 ros
221 4025 354 4074 memorat
377 4013 516 4089 Repetam,
536 4036 598 4092 qum
611 4038 673 4077 cunr
690 4024 773 4077 tratre
796 4035 845 4075 stro
867 4018 955 4074 Felice

157 4085 294 4154 superatis
303 4085 385 4139 variis
399 4092 544 4146 uirtueutis
555 4094 644 4159 eapite
655 4094 736 4163 plexa
749 4103 790 4147 est
800 4092 844 4146 die
860 4094 888 4145 ll
907 4092 956 4146 Se·

157 4154 263 4226 ptentb.
281 4153 359 4209 Plura
376 4157 505 4213 retulerat
516 4161 550 4217 de
565 4162 665 4216 Vereun
676 4163 779 4232 uirgine
790 4163 822 4216 nd
840 4162 954 4232 primunr

155 4227 232 4281 dieto
248 4224 367 4295 ejusdem
379 4231 491 4284 mensis.
505 4232 558 4287 rliii
581 4234 645 4288 aiibi
656 4235 838 4289 consummati
854 4234 953 4301 passim

152 4297 346 4375 occurruutiu
357 4294 556 4371 llartyrulogiis
570 4314 597 4358 et
616 4305 800 4378 peculiaribus
820 4303 956 4357 Ecclesiu-

152 4382 219 4423 rum
232 4365 339 4429 tabulis,
354 4365 389 4420 de
399 4369 495 4435 qtribus
509 4376 596 4428 insius
609 4389 690 4444 agere
703 4389 755 4429 uon
769 4384 855 4427 raeat.
869 4371 953 4427 Nom·

152 4452 240 4509 quant
255 4435 335 4491 etiarn
351 4436 415 4490 milti
428 4440 454 4492 iu
474 4456 591 4498 utentem
607 4449 689 4510 uenit,
709 4444 829 4499 utuelint
844 4457 876 4496 ea
893 4458 956 4511 pru-

153 4507 404 4579 pupnareuticertn
414 4519 440 4563 et
452 4511 571 4577 indubia,
583 4528 643 4583 quur
654 4515 879 4584 absquelegitimo
893 4517 952 4568 inu-

152 4581 286 4634 dtsmentu
299 4577 333 4630 de
346 4575 399 4632 iliis
411 4584 575 4653 martyribus
587 4586 695 4654 quidam
710 4596 834 4640 auctores
849 4585 949 4654 pissirn

150 4650 948 4727 tnrnrunntnteeteberrimaeejmtegtmiemarqrium,

1008 3248 1147 3303 nrurrnciris
1158 3247 1339 3303 benedictinis
1350 3249 1446 3312 cessim
1460 3261 1492 3299 ne
1507 3247 1616 3300 tandem
1633 3245 1666 3297 ad
1685 3246 1801 3297 emoni-

1007 3332 1054 3372 eus
1082 3320 1219 3388 regulares
1243 3318 1452 3387 Augustinianns
1468 3318 1622 3371 desolutum
1647 3322 1699 3369 est.
1727 3313 1799 3368 idern

1007 3392 1201 3444 trtonnstetiurn
1226 3401 1288 3444 aitte
1300 3404 1399 3443 artuum
1415 3386 1467 3444 515
1489 3386 1625 3441 exstitisse
1641 3385 1735 3450 probat
1753 3401 1802 3438 uo·

1007 3470 1066 3514 ster
1079 3460 1250 3515 blnbiilonins
1266 3467 1338 3514 torno
1353 3458 1364 3513 l
1377 3456 1507 3513 Actorum
1523 3466 1675 3511 sattetnrmu
1698 3454 1802 3508 ordinis

1008 3528 1186 3596 benedictini,
1215 3547 1275 3599 pag.
1296 3529 1366 3592 568,
1395 3527 1565 3595 proindeque
1587 3542 1602 3578 s
1627 3524 1801 3591 sigismundo

1007 3598 1228 3669 Bnrgrmdiouurn
1241 3616 1303 3670 rege
1317 3601 1430 3653 ditatum
1442 3597 1561 3666 quidem,
1574 3610 1606 3649 ac
1617 3595 1687 3648 lorte
1698 3601 1801 3648 restau-

1006 3679 1094 3722 ratum
1107 3671 1199 3733 tuine,
1214 3678 1365 3723 nouantem
1381 3668 1504 3734 prituitus
1518 3677 1701 3721 constructum
1711 3678 1719 3728 ;
1729 3662 1801 3732 quod

1006 3756 1039 3793 et
1057 3740 1134 3792 titulo
1148 3743 1290 3806 fragmenti
1304 3738 1375 3793 Artn
1401 3736 1560 3790 vinciuntu-
1583 3733 1701 3787 ltuutiline
1720 3747 1808 3801 srtpc··

1007 3811 1089 3862 riusa
1105 3811 1182 3864 nobis
1196 3809 1271 3863 relati
1287 3816 1390 3864 certum
1410 3815 1462 3862 est.
1477 3807 1612 3872 Quintum
1626 3817 1692 3857 rere
1709 3816 1801 3856 morra·
1855 3869 1859 3876 Ι

1006 3879 1119 3933 sterium
1132 3877 1204 3935 istud
1222 3881 1287 3933 olim
1302 3878 1409 3935 celebre
1424 3876 1514 3938 interit,
1530 3890 1565 3929 ex
1578 3889 1611 3928 eo
1633 3880 1707 3941 patet
1728 3872 1800 3938 quod

1006 3958 1169 4004 ceterorum
1183 3947 1436 4004 constituendorum
1447 3947 1528 4001 ueluti
1544 3943 1682 4012 eremplztr
1694 3957 1801 4012 specta·

1007 4030 1093 4089 retur,
1106 4020 1223 4075 maxime
1237 4021 1263 4074 iu
1274 4020 1346 4091 jugis
1361 4017 1516 4086 psaltrtodim
1537 4031 1616 4085 quatu
1632 4013 1711 4080 uulgo
1727 4011 1801 4095 'dnu-

1007 4090 1063 4143 rieru
1077 4106 1214 4162 perennem
1225 4089 1407 4161 appellabant,
1419 4087 1598 4148 institutione,
1616 4099 1675 4165 qum
1688 4084 1799 4152 quttietn

1004 4159 1104 4229 jugiter
1117 4161 1144 4215 iu
1159 4161 1384 4217 monasteriorum
1408 4158 1531 4214 ecelesiis
1543 4156 1659 4212 canendt
1685 4166 1802 4236 cousue-

1007 4235 1071 4285 tudo
1081 4232 1115 4286 ab
1126 4233 1271 4287 demoretis
1284 4230 1388 4287 Grecis
1402 4229 1542 4284 monacbis
1564 4236 1683 4296 accepta,
1701 4242 1727 4279 tn
1744 4226 1802 4305 ple·

1005 4302 1098 4372 risque
1114 4304 1185 4357 sacri
1207 4303 1310 4359 ordinis
1328 4303 1415 4355 nostri
1440 4297 1606 4354 Bertedictiui
1627 4305 1801 4351 rttunasterns

1006 4373 1069 4426 clim
1084 4373 1289 4438 obsecrabatur,
1315 4381 1343 4424 ut
1366 4369 1480 4438 probant
1504 4381 1609 4422 ueteres
1623 4367 1725 4421 citarlae
1740 4379 1800 4432 qum

1007 4445 1106 4512 pussitn
1134 4446 1161 4498 in
1184 4443 1265 4497 rariis
1282 4440 1488 4496 collectionibus
1504 4438 1667 4493 editaesuot.
1688 4435 1727 4488 lle
1749 4436 1800 4490 bac

1006 4514 1201 4569 cousuetudine
1214 4513 1314 4568 videsis
1336 4509 1483 4566 itabillonii
1505 4508 1690 4577 pretationem
1704 4503 1740 4559 ad
1756 4517 1799 4559 se·

1003 4582 1119 4639 eundum
1132 4592 1237 4656 partem
1249 4580 1340 4640 sumti
1354 4595 1379 4636 tt
1398 4578 1500 4637 Beoed.
1516 4593 1591 4635 num.
1603 4575 1657 4633 illl
1672 4582 1701 4630 et
1721 4590 1799 4647 seqq.
