4009 6184
305 233 373 295 ηις
652 235 683 294 s.
703 233 832 292 ιιιιιιιιι
853 230 1090 290 inconsonus
1109 226 1260 290 ermenus
1279 225 1463 288 ouosouut·
1479 226 1579 290 oottu
1815 248 1863 308 ten

304 351 437 422 plectitur.
461 347 545 420 Cuius
559 347 604 405 iric
626 349 678 406 uisi
692 349 794 406 Christi
809 365 858 420 per
870 347 1092 405 intercessionem
1106 351 1130 410 Α
1145 343 1272 416 perieulis
1281 344 1377 415 iurat:
1393 345 1458 415 quie
1478 345 1648 417 conspicabile
1664 351 1791 418 interfuisse
1804 369 1859 424 uin·

302 442 430 513 nrnrtyris
440 440 482 496 sui
498 455 622 512 praeseus
646 440 732 496 uirtus
752 450 864 510 operata
879 440 947 496 esti
963 436 1097 496 Casmil
1145 438 1237 502 edis:
1253 437 1497 508 tautituiqueiuit
1504 439 1538 494 de
1547 439 1627 497 salute
1635 441 1760 517 dubitasse,
1770 463 1793 508 ut
1809 463 1859 514 saiu-

302 532 398 604 utique
417 531 560 603 episcopus
586 541 748 604 martyrem.
772 541 804 588 et
821 532 960 588 dominum
980 537 1093 602 nmrtyr.
1146 539 1202 587 tem
1219 541 1302 585 straet
1321 528 1482 585 mirabiliter
1504 531 1655 600 acquireret.
1677 533 1765 608 inteqre
1783 558 1859 604 nonu„

298 623 447 695 ‚ostensum
457 631 498 677 est
512 622 599 679 salute
612 623 721 694 diqourn
735 623 822 679 lidciis
851 623 941 694 populi
963 622 1093 682 neuun.
1146 637 1260 684 ιιιιιιιιιι
1272 621 1425 678 monierus
1438 630 1529 691 pastor
1542 623 1665 681 exsulet:
1676 629 1714 697 qui
1731 631 1861 700 quideuier

305 715 339 769 Et
359 713 475 783 denique
495 712 604 782 plurimi
629 714 713 786 (quod
723 729 829 772 mecum
855 713 978 781 forsitan,
1005 722 1033 769 et
1051 714 1095 769 cui
1146 732 1226 772 manu
1239 714 1370 787 politiori,
1385 714 1536 786 majorique
1557 716 1635 786 qratia
1648 722 1860 795 mensurisperpnnn

304 806 406 861 lecistis
413 805 570 877 agnoscitis)
585 806 669 871 illico,
681 822 716 864 ne
726 806 1003 864 rel'ietiterturbere
1015 805 1097 861 dero·
1146 807 1247 864 socole
1256 806 1364 880 scriptis
1377 805 1649 876 mandarepotuisset.
1660 808 1705 863 uisi
1715 808 1782 867 divini
1798 831 1860 873 nene·

307 898 411 951 tionem
426 906 548 951 sanctam
563 897 659 953 liceret
669 895 795 966 inimico,
822 898 943 954 restibus
964 906 997 952 ut
1020 905 1098 952 erent
1147 899 1185 954 ris
1196 902 1321 953 eunomus
1348 898 1381 953 in
1397 895 1539 967 lequtitne
1559 897 1712 969 &martyris
1722 904 1861 975 pertinente.

305 988 422 1045 madidis
437 989 745 1062 nauigiaconsoeudunt,
760 999 788 1045 et
805 990 965 1045 matutinum
981 988 1099 1058 rianeuu
1147 988 1280 1060 warns.
1294 987 1405 1057 quodie
1419 985 1535 1058 presule
1548 986 1666 1041 [liminis
1679 987 1728 1043 ¹120
1743 979 1860 1061 tottiuliuct,

304 1079 380 1135 onrti
393 1094 442 1150 spe
456 1079 578 1135 ferreole
589 1089 779 1147 contenrnunt;
795 1081 883 1136 lestini
908 1095 962 1151 qno
977 1079 1100 1135 intende-
1149 1079 1305 1136 insolentius
1317 1076 1451 1134 exsultare
1464 1077 1604 1132 timuisset.
1617 1078 1647 1132 Et
1656 1079 1746 1145 qrridem
1756 1083 1781 1136 ad
1791 1088 1861 1143 nole·

306 1169 526 1235 sant,adlncum
540 1169 749 1236 scinomannis,
774 1171 864 1224 animo
880 1171 983 1225 uictore
1002 1183 1099 1240 perse·
1150 1169 1244 1227 neicin
1278 1184 1326 1240 per
1352 1169 1442 1239 plures
1470 1167 1565 1225 dillusa
1582 1171 1744 1236 perueniunt.
1773 1174 1861 1233 interm

277 1281 281 1292 ·
305 1260 394 1328 nium,
410 1260 548 1315 alacritate
561 1259 656 1330 majori
681 1270 744 1325 post
764 1260 1097 1330 periculumreceosrota
1148 1259 1699 1332 quantiinsepriuataceqnoscuntlouod
1709 1262 1749 1315 soli
1761 1264 1861 1321 ileorscn·

305 1350 399 1406 lusori.
416 1350 537 1419 Odiqnse
549 1348 637 1405 audiri
650 1352 757 1420 preces!
772 1366 836 1421 qum
854 1367 907 1407 noo
918 1351 1013 1407 iractm
1027 1351 1098 1422 inju·
1148 1351 1247 1418 bimos,
1261 1350 1441 1421 quiemoium
1453 1348 1577 1405 eonditor
1596 1358 1622 1402 et
1633 1348 1740 1403 corruunt
1754 1352 1862 1416 coiitnnet

305 1442 365 1507 riis,
381 1441 513 1510 imputare
527 1441 651 1497 nesciunt
660 1441 731 1509 quod
743 1442 884 1510 periclitati
897 1452 961 1502 sunt
975 1461 983 1497 ε
1006 1451 1101 1514 gentes
1149 1443 1215 1498 sirit
1229 1457 1292 1498 cum
1304 1440 1371 1497 Filio
1386 1451 1415 1497 et
1428 1440 1529 1511 Spiritu
1542 1447 1633 1495 sancto
1645 1452 1687 1507 per
1704 1438 1784 1494 intuite
1800 1450 1863 1497 enne

306 1529 759 1601 reierresuinntquoderaserunt.
782 1531 884 1589 ornnes
902 1532 998 1602 gaudio
1013 1534 1098 1603 tripu·
1150 1533 1322 1590 soculorum.
1344 1537 1440 1588 nmen.

305 1621 380 1676 diunt
392 1639 399 1675 :
413 1621 544 1677 assistunt
556 1620 672 1691 denique
684 1622 850 1678 solemnibus
863 1623 928 1689 ltcti,
942 1621 1098 1679 interiuiste

190 1869 194 1880 ·
368 1834 625 1922 cvssRsUs
660 1832 723 1920 IN
757 1835 969 1922 NATALI
1002 1831 1479 1920 MACHABAEORUM
1514 1828 1827 1915 MARTYRUM.

308 1967 365 2021 ileu
380 1967 429 2021 ierit
444 1970 592 2025 Antiochus
606 1970 691 2042 Syrio
705 1972 854 2029 ditissimus
867 1973 945 2044 uim,
1112 1972 1272 2043 BEripient
1284 1970 1416 2041 promissa
1431 1968 1488 2024 Dei.
1504 1966 1575 2037 Spes
1589 1966 1683 2024 certior
1695 1967 1732 2022 illa
1741 1975 1775 2024 est

307 2059 336 2113 Ιιι
352 2059 429 2129 citius
441 2074 526 2130 regno
540 2069 627 2116 mater
636 2059 650 2099 b
660 2062 770 2132 notique
783 2062 891 2120 inerunt
1150 2063 1216 2133 Qum
1225 2062 1309 2117 vitam
1319 2060 1398 2116 uobis
1413 2059 1546 2130 promittit
1561 2066 1676 2132 tempore
1690 2058 1765 2127 lungo.

305 2151 426 2219 Septem,
441 2160 471 2205 ut
482 2153 552 2208 lemn
565 2152 658 2221 reiert,
673 2153 708 2209 de
719 2166 810 2210 sancta
820 2167 901 2227 pente
914 2168 1015 2222 creatu
1099 2219 1104 2228 ¹
1147 2153 1223 2212 iiann
1230 2165 1339 2224 sequor,
1348 2148 1513 2206 hancdidiei.
1525 2148 1620 2204 miiam
1629 2147 1719 2206 lubrica
1726 2151 1866 2221 uoqeredonn

301 2241 383 2308 Quos
395 2256 460 2297 eura
477 2244 599 2314 eegregii
617 2244 723 2314 generis
738 2247 894 2301 meminisse
903 2247 1025 2316 iubebat,
1147 2243 1262 2304 Sumere
1277 2242 1384 2299 diritius
1398 2239 1477 2296 lacile
1489 2249 1544 2307 est,
1559 2247 1586 2294 et
1596 2239 1700 2310 perdere
1710 2242 1785 2295 ritum.

309 2332 341 2386 ιιι
354 2332 404 2402 leqi
419 2332 522 2388 seruire
535 2333 604 2387 datae
615 2351 622 2386 ι
633 2334 674 2389 sie
689 2350 803 2405 namque
814 2336 937 2396 uolentes
1146 2332 1200 2391 Sed
1217 2333 1282 2390 licet
1301 2330 1471 2414 etqssammes
1494 2338 1509 2368 ²¹
1524 2338 1584 2401 post
1598 2328 1703 2385 uerbera
1722 2343 1778 2384 scra
1789 2329 1866 2394 niueis,

307 2425 347 2479 ile
357 2426 457 2493 populo
471 2425 582 2481 meliore
596 2426 643 2481 ilei
657 2442 705 2482 sua
715 2429 777 2496 iura
793 2429 932 2486 onerem.
1145 2423 1188 2480 Nil
1201 2432 1306 2480 mutare
1317 2432 1405 2493 potes,
1421 2419 1517 2491 tqunti
1534 2418 1627 2490 primis
1637 2420 1752 2488 coepimus
1761 2418 1825 2472 annu.

306 2520 366 2573 ilex
379 2516 476 2574 aridus
489 2527 594 2572 mutem
608 2518 699 2584 idern,
715 2528 820 2575 mutate
835 2523 959 2577 timorem
1146 2515 1252 2572 Virtute
1264 2514 1362 2572 iduum
1377 2513 1436 2584 lege
1448 2512 1508 2568 data
1523 2512 1590 2568 milri
1606 2512 1796 2567 vincerecertum
1807 2518 1839 2565 ot·

1145 2606 1214 2680 Quid
1230 2621 1409 2676 quoquere,
1421 2604 1527 2676 iubesl
1548 2604 1618 2659 natis
1631 2603 1690 2675 quid
1704 2603 1759 2657 dure
1771 2600 1862 2656 mineris?

1147 2699 1204 2762 iios
1216 2698 1275 2754 solo
1288 2696 1388 2768 poteris
1402 2704 1518 2751 matrem
1530 2695 1638 2750 turbere
1651 2693 1744 2748 dolere.

1146 2791 1195 2848 Est
1208 2789 1395 2860 milrintnrquc
1405 2787 1477 2844 [leus
1489 2801 1565 2857 spes,
1574 2795 1616 2843 est
1629 2785 1691 2840 rnilri
1702 2786 1774 2840 ‘curt
1783 2797 1871 2848 nermo,

1146 2882 1197 2936 Per
1209 2895 1288 2950 quem
1303 2893 1383 2949 spero
1396 2877 1521 2948 equidem
1533 2885 1561 2932 te
1574 2877 1674 2931 nullum
1690 2874 1780 2929 sincere
1789 2885 1849 2942 posse.

1145 2971 1235 3028 reoli
1250 2979 1277 3025 ιιι
1292 2969 1381 3026 truens
1391 2968 1507 3035 Numen,
1523 2970 1586 3039 quia
1599 2970 1668 3039 justa
1683 2980 1794 3037 rogamus.

1144 3061 1202 3118 Rex
1214 3062 1281 3118 ierit
1293 3060 1441 3118 Antiochus
1452 3070 1464 3100 ι
1478 3061 1605 3117 turbatus
1614 3059 1691 3115 corda
1703 3056 1802 3112 tumultu.
1910 3081 1911 3084 ¹

1144 3148 1203 3205 Non
1219 3151 1289 3219 tulit,
1306 3159 1333 3207 et
1345 3164 1432 3210 saeros
1450 3158 1567 3205 testatur
1580 3148 1681 3205 lumine
1693 3147 1777 3211 nultus,

1145 3239 1310 3312 Miraturque
1323 3238 1368 3296 diu
1381 3240 1466 3311 possit
1479 3239 1554 3312 quod
1569 3239 1666 3296 iemina
1681 3247 1778 3293 tanturn.

302 3322 415 3378 penum
430 3324 477 3384 ⁵¹¹⁸
489 3333 504 3373 ⁸
515 3335 604 3381 “¹⁰¹⁰ss
616 3329 741 3397 imiimi,
757 3339 787 3385 el
797 3332 883 3386 tristia
893 3334 966 3401 regis
1106 3322 1130 3385 C
1146 3339 1157 3371 ¹
1174 3334 1241 3389 Pare
1251 3347 1312 3402 aqe,
1324 3332 1413 3394 miles.
1425 3333 1464 3387 ait
1478 3348 1486 3398 ;
1499 3332 1560 3402 regi
1574 3345 1680 3402 quoque
1690 3346 1755 3400 pure.
1766 3328 1854 3381 minister.

300 3412 482 3474 verberanun
499 3418 595 3474 timuit.
617 3414 751 3475 hlictum
761 3435 792 3476 se
803 3420 869 3476 vidit
882 3428 911 3477 ιιι
921 3420 989 3478 ilie:
1148 3423 1313 3490 inslamuii,
1329 3430 1423 3493 parete
1433 3423 1509 3488 milri,
1527 3423 1591 3478 dute
1602 3423 1611 3461 ⁸
1624 3423 1701 3494 diqoa
1711 3420 1791 3474 iurenti
1910 3425 1911 3430 ’

299 3504 377 3561 ileo!
392 3506 454 3576 quid
464 3509 562 3579 aqam
576 3509 654 3566 diro.
668 3508 677 3549 ¹
690 3510 863 3584 lineisqund
878 3513 1093 3584 iemimreqenrt
1146 3513 1277 3571 Femineo
1292 3520 1427 3569 tormenta
1442 3512 1515 3568 melo
1531 3529 1539 3579 ;
1556 3514 1654 3568 smrire
1667 3512 1782 3568 torentem

299 3595 358 3652 lion
373 3605 462 3654 tamen
476 3598 610 3670 ellepies:
628 3602 688 3672 plus
700 3604 820 3674 estquod
835 3605 844 3656 l
862 3605 928 3662 dunt
943 3604 1058 3662 dolebis.
1146 3605 1257 3663 Femina
1272 3603 1417 3674 meeoqit:
1438 3603 1510 3673 quod
1523 3603 1586 3674 plus
1598 3613 1648 3669 est,
1666 3602 1754 3659 lemine
1766 3598 1827 3652 vineit

299 3687 328 3743 in
344 3699 421 3744 natus
432 3689 533 3745 saesioo
548 3701 620 3758 tuos,
637 3693 699 3750 licet
713 3694 834 3764 improba
848 3705 953 3766 perstet
968 3713 977 3754 t
1145 3695 1228 3767 Reqis
1241 3694 1318 3766 juste
1329 3693 1371 3749 eui
1385 3711 1392 3748 ε
1407 3693 1454 3749 sed
1465 3708 1521 3749 non
1536 3695 1648 3765 impune
1658 3694 1737 3749 locuta
1746 3699 1789 3747 est.

295 3779 355 3838 lien
364 3788 438 3836 cente
449 3781 554 3840 ratione
564 3799 654 3842 meum
667 3782 681 3824 ¹
693 3786 936 3844 sanabodoinrem.
1145 3783 1315 3841 Membratim
1329 3791 1345 3822 ι
1355 3782 1464 3855 perdam
1475 3791 1583 3854 septem
1599 3799 1664 3856 qnos
1678 3783 1766 3854 perilli
1776 3789 1832 3835 nutes

305 2607 472 2664 diustorum
482 2608 578 2673 uoluit,
593 2609 693 2676 pupulo
706 2620 735 2664 ut
749 2610 875 2666 mucesci-
886 2611 977 2678 inique

306 2703 422 2760 Praemia
438 2702 571 2770 promittit
584 2702 673 2768 matri,
692 2703 825 2773 promittit
839 2712 886 2760 ‘et
897 2718 1008 2767 aurunt,

310 2792 344 2847 Et
355 2791 486 2862 quidquid
503 2801 593 2860 posset
608 2799 664 2845 totu
674 2791 834 2862 conquirere
847 2806 943 2860 requio,

310 2887 339 2942 st
354 2884 438 2941 medo
446 2893 564 2940 mutaret
577 2897 666 2939 mores
675 2899 826 2954 seins-utque
840 2884 955 2954 priores.

307 2982 424 3048 cuperet
437 2983 465 3031 et
476 2982 556 3030 uatus
566 2972 634 3028 alies
648 2974 698 3029 sibi
712 2975 815 3046 iungere
829 2989 930 3031 murus.

309 3068 355 3123 liin
369 3077 459 3136 neque,
478 3067 639 3133 tacitumque
652 3064 816 3132 premitque
828 3066 913 3124 eorde
926 3063 1062 3124 dolerent.

302 3143 378 3199 llaec
393 3145 558 3215 postquami
575 3149 658 3207 nuliis
671 3151 757 3219 potuit
766 3165 940 3220 corrumpere
951 3150 1052 3217 neritis,

300 3233 426 3290 Teutanis
436 3237 550 3303 primum
563 3241 704 3295 tormentis
721 3241 831 3297 uincere
843 3243 932 3300 sevis.

297 3869 410 3926 Sustulit
423 3872 467 3928 illu
478 3888 585 3942 munus,
600 3876 753 3947 eminetque
764 3875 774 3915 ¹
786 3879 894 3949 aspexit
905 3880 934 3935 io
946 3880 1040 3947 altum,

298 3958 396 4016 Emisit
408 3963 536 4032 petulius,
551 3973 579 4022 ιι
589 3965 651 4021 talia
663 3968 744 4024 rerba
754 3967 844 4026 insuta
856 3977 897 4025 est
910 3987 918 4024 ε

294 4047 336 4106 'iu
346 4049 409 4106 licet
420 4060 446 4107 et
455 4068 535 4122 qous
545 4054 636 4110 trudes
650 4064 678 4114 ιι
690 4072 783 4129 reum,
799 4066 922 4131 tyranne,

294 4137 354 4198 ileu
366 4141 488 4211 capimur
501 4158 595 4215 regum
618 4146 714 4215 denis,
727 4163 777 4206 uec
786 4164 900 4208 mouere
916 4152 1018 4212 sanctis

255 4355 265 4382 Ἰ
332 4306 346 4333 r
360 4296 477 4353 'litulnm
491 4315 542 4354 ms.
559 4299 741 4363 Florincensis
753 4304 925 4362 e'tlribemus.

263 4391 265 4401 ·
330 4364 345 4405 l
361 4366 398 4421 ita
410 4383 444 4423 ex
457 4370 552 4424 eodem
564 4373 625 4426 cod.
641 4374 717 4428 Alius
730 4390 884 4443 perperam,
900 4377 990 4445 [muse.

334 4444 346 4476 θ
362 4436 476 4506 vulgati,
496 4441 606 4496 amitini.
623 4441 793 4499 i’rmtulimus
809 4445 853 4501 hic
867 4449 1011 4502 lectionem
1027 4447 1089 4504 tnu-

293 4505 351 4564 dati
367 4522 430 4574 mn,
446 4509 473 4562 iu
493 4525 546 4578 qun
559 4527 620 4566 snut
635 4515 799 4587 projiciebat
813 4516 1029 4585 legituruideint.

330 4572 344 4612 ‘¹
360 4577 405 4633 Sic
416 4579 486 4632 idem
499 4581 559 4635 cod.
574 4582 643 4636 iiule
659 4584 684 4637 in
698 4585 784 4655 sulp,
805 4584 903 4652 Voluit,
915 4598 939 4642 et
952 4596 979 4640 ui
993 4588 1088 4660 populo

294 4647 391 4715 puriter
406 4647 520 4703 misceret
531 4651 629 4718 iniquo.

1143 3874 1215 3930 intra
1226 3887 1256 3931 ιι
1266 3873 1385 3931 retinet:
1400 3889 1517 3945 quorum
1530 3875 1578 3945 qui
1595 3875 1695 3945 primos
1706 3873 1808 3936 ialetm,
1910 3877 1911 3894 ¹

1143 3968 1193 4024 iiic
1206 3968 1310 4040 primus
1325 3976 1420 4039 pereat
1431 3985 1438 4023 :
1449 3976 1465 4007 r
1476 3968 1588 4038 perdam
1608 3969 1648 4024 sie
1661 3967 1747 4024 ordine
1756 3972 1843 4019 cuseos

1143 4067 1158 4097 ¹
1172 4059 1296 4117 cratibus
1307 4058 1450 4130 impositos
1462 4059 1596 4128 subjectis
1611 4073 1688 4115 urere
1701 4056 1798 4113 flemme

1144 4149 1243 4208 Cernat
1253 4160 1281 4205 ut
1296 4150 1354 4222 ipsa
1364 4164 1438 4218 suus,
1453 4149 1637 4206 siccernntut
1649 4155 1815 4220 aspernantes.
1910 4129 1911 4140 ²

1177 4311 1191 4340 ⁰
1206 4302 1298 4360 Secuti
1309 4317 1403 4359 surmus
1414 4303 1476 4359 cod.
1492 4301 1570 4359 Flos.
1587 4302 1617 4360 iu
1631 4302 1701 4373 tuit.
1714 4291 1868 4358 uuritutnroti

1141 4382 1170 4430 ιι
1184 4372 1264 4430 aliter
1274 4373 1314 4428 sie
1327 4373 1427 4444 ieqilttr
1441 4392 1449 4429 z

1459 4465 1465 4486 ⁶
1559 4465 1653 4515 Primis
1664 4463 1840 4523 aceepirnnsrms

1187 4526 1310 4576 o'trtutern
1319 4538 1374 4576 cum
1384 4524 1442 4588 lege
1450 4525 1530 4575 datam
1543 4540 1549 4575 :
1560 4527 1624 4575 milri
1632 4525 1738 4585 linquere
1745 4528 1819 4591 ιιιιιιι
1827 4518 1851 4561 iil
1910 4559 1911 4588 ,

1188 4587 1320 4649 ouidquid,
1330 4599 1406 4647 saere,
1417 4587 1500 4648 iubes
1511 4586 1583 4637 dietis
1612 4591 1659 4640 nod
1671 4585 1726 4657 dura
1736 4589 1830 4634 ιιιιιιιιιι.

1186 4648 1240 4700 linc
1249 4648 1330 4699 ιιιιιιι
1342 4651 1434 4711 poteris
1444 4656 1550 4700 matrem
1562 4657 1605 4697 tur
1624 4660 1668 4698 are
1678 4656 1764 4697 tumore.

331 4716 449 4798 ‘iulg5,
465 4729 489 4771 et
509 4718 564 4773 iilia
578 4737 589 4786 ,·
605 4730 632 4776 et
653 4733 757 4791 postea.
775 4732 854 4780 toturn
876 4709 1128 4809 perquirerent-1)
1174 4729 1295 4799 siuiq„
1320 4737 1389 4785 certo
1408 4744 1540 4795 meorum,
1562 4726 1618 4782 Per
1640 4742 1695 4798 qttoe
1711 4728 1763 4797 iffi
1779 4724 1875 4792 W*

291 4786 702 4918 ⁹”li.⁸iiii¹⁴llitil“⁵·
727 4794 1074 4922 cqgerr31‚r,20.mir33r.
1139 4799 1251 4924 'miii‘
1333 4869 1342 4923 i
1399 4864 1426 4920 r
1528 4865 1549 4920 n·
1720 4865 1876 4928 mm

574 4900 582 4918 .
656 4879 1088 4940 g.,uuupe‚utteontpeere
1212 4883 1384 4938 temtum,
1426 4881 1725 4939 memquepasessp

292 4927 422 5053 ρῐξίῗιι.
438 4997 524 5068 Flos,
538 5015 626 5067 praees
637 5004 757 5073 peruritur.

328 5066 342 5102 ¹
357 5067 512 5136 tiemone,
531 5070 632 5126 Victum
642 5083 670 5126 ut
681 5090 707 5128 te
719 5074 878 5134 uiditutilie.

329 5135 335 5181 l
356 5135 445 5208 sulp,
465 5136 566 5206 Vincet,
580 5142 642 5212 quid
651 5146 754 5215 pluro?
774 5146 896 5202 dolendo.
921 5146 1015 5204 ilelinr
1030 5163 1082 5204 ms.

289 5205 363 5260 Flor.
379 5207 469 5263 lectio.

325 5276 333 5325 i
352 5273 435 5332 iidem
447 5280 533 5350 vulg„
545 5280 631 5352 piore.

323 5343 339 5390 Β
353 5347 418 5401 end.
431 5348 518 5416 Flos,
530 5353 639 5408 sermio.

327 5411 335 5450 ¹
354 5415 443 5495 iulg„
453 5420 564 5491 inspexit
575 5424 602 5475 in
617 5422 835 5486 altitonensium
846 5429 965 5497 penitus.

322 5480 342 5504 '¹
356 5484 443 5557 iniq„
455 5505 507 5545 non
517 5492 615 5545 lubrica
626 5505 729 5565 tonqere
741 5511 831 5566 reque.

322 5552 536 5625 'Suppletimns
550 5570 607 5634 pest
621 5577 653 5618 et
667 5579 718 5620 ms.
737 5565 820 5633 litor„
838 5568 864 5621 in
878 5577 982 5639 qttoest
993 5572 1082 5624 enine·

286 5637 317 5679 te
328 5637 377 5691 pto
389 5627 500 5684 wiern.

1139 4938 1167 4992 ln
1182 4940 1245 4994 end.
1261 4940 1337 4994 Flor.
1349 4944 1439 4994 minus
1450 4937 1519 4994 mele
1535 4939 1623 5003 tileet
1636 4953 1669 4994 es
1684 4923 1876 5004 vulgatissimis?

1137 5009 1265 5068 deluerit
1279 5024 1331 5065 vos
1339 5011 1426 5081 iustu.
1442 5008 1490 5074 ‚Es
1500 5006 1560 5076 ioue
1580 5008 1707 5080 erigente
1719 5015 1786 5060 uersu
1794 5004 1881 5063 etmel:

1138 5095 1198 5134 mllS

1175 5158 1187 5187 ι
1204 5079 1464 5220 affluentemque
1479 5145 1562 5201 cordo
1576 5148 1715 5204 ιιιικιιιιι,
1739 5131 1878 5198 deusti

1136 5234 1226 5276 ΙΙΜ.

1173 5296 1184 5396 ζ
1198 5287 1367 5429 {loidhffqillzn
1382 5288 1430 5356 uit,
1444 5302 1506 5359 pure
1517 5289 1587 5359 reqi,
1602 5280 1824 5358 permensione.

1171 5437 1186 5466 ι
1202 5400 1291 5500 iulg..
1313 5400 1416 5497 persei,
1438 5437 1531 5498 septem
1552 5443 1616 5481 num
1640 5424 1738 5497 perfide
1754 5430 1814 5474 netu
1830 5409 1879 5466 Μ

1096 5514 1100 5522 ·
1136 5515 1214 5569 reque
1226 5507 1302 5553 terret.

1172 5568 1275 5632 vluit..
1294 5577 1398 5640 pereunt
1408 5569 1445 5622 sic
1459 5567 1549 5626 urdine
1564 5566 1660 5622 cuutit'.

1172 5638 1254 5696 ι[ιιι
1265 5651 1410 5710 sequentes
1424 5651 1516 5695 versus
1526 5635 1630 5693 desunt
1645 5637 1673 5694 iu
1684 5651 1733 5696 ms.
1747 5631 1810 5689 liet.
