4009 6184
181 445 286 503 quoque
298 436 328 486 et
345 426 483 499 seripturis
502 425 557 482 suis
570 425 716 481 diceretur:
730 422 760 478 Si
783 424 917 477 surrexerit
937 440 963 477 m

181 519 263 574 aredio
276 518 312 573 tni
325 516 456 589 propheta.
468 516 501 570 Et
510 529 570 568 mox
581 511 748 566 :Nouendics
759 511 964 581 reinmoplremr

181 611 259 664 illius.
270 607 375 677 Quare?
389 603 468 673 Quia,
490 604 584 673 inquit,
597 611 672 656 tentat
691 617 734 655 eas
751 599 873 654 Dorrtinus
886 611 964 654 vester

180 696 381 767 utrantdiiiqatir
391 712 447 749 eum
456 711 489 748 aa
500 710 560 747 noo.

215 786 287 841 XIX.
307 785 353 840 His
367 784 447 854 igitur
464 790 543 837 totae
562 780 642 834 tantis
658 779 813 849 caterisque
835 780 964 848 eiusmodi

180 874 424 930 Ecclesiastieorum
437 870 617 939 exemplorum
634 868 747 921 molibus
765 866 900 922 evidenter
916 867 964 921 ad-

179 973 294 1031 vertere,
307 971 335 1019 et
347 960 492 1016 secundum
506 957 703 1013 Deuteronomii
713 957 785 1026 leges
798 956 856 1009 luce
869 957 965 1011 elarius

179 1053 326 1123 intelligere
338 1050 476 1114 debemus,
488 1047 590 1118 quodsi
603 1045 708 1115 quando
718 1046 812 1114 aliquis
825 1045 966 1099 Ecclesiae

179 1145 249 1199 ticus
265 1142 415 1210 magistcra
428 1138 478 1193 lide
497 1137 668 1201 aberraverit,
689 1134 722 1189 ad
745 1134 916 1189 tentationem
940 1134 965 1189 id

172 1242 298 1340 'nostram
312 1229 368 1285 ileri
381 1227 548 1283 Providentia
563 1225 651 1279 divina
668 1225 791 1293 patiatur,
809 1233 896 1278 utrum
908 1223 967 1277 dili-

180 1336 274 1393 gamus
285 1320 368 1374 licum
387 1330 483 1371 annon
503 1315 529 1368 in
547 1312 699 1368 totocorde
718 1320 745 1366 et
762 1312 787 1365 in
807 1319 860 1365 tota
879 1311 965 1364 areima

183 1418 283 1464 nostra.
303 1426 306 1432 ·

218 1498 277 1553 Ah.
291 1495 355 1564 ouae
371 1495 481 1549 comita
495 1492 557 1557 sint,
577 1491 621 1545 ille
634 1498 676 1545 est
690 1505 768 1544 verus
782 1497 808 1544 et
826 1504 967 1559 gemianus

180 1587 333 1645 Cathoiieus
341 1583 531 1655 quiveritatem
543 1581 601 1646 Dei,
612 1580 657 1649 qui
666 1579 820 1643 Ecclesiam,
834 1579 878 1648 qui
888 1578 967 1632 Chri-

181 1679 216 1734 sti
229 1691 325 1745 eorpus
339 1673 432 1744 diligit,
446 1672 491 1742 qui
507 1670 602 1724 dirime
620 1669 760 1738 Religioni,
774 1668 818 1736 qui
832 1667 968 1722 catholicae

182 1766 244 1822 lidei
258 1764 323 1819 nihil
337 1761 476 1833 praeponit,
496 1774 549 1813 non
566 1758 679 1812 hominis
695 1757 840 1826 cuiuspiam
855 1757 968 1811 auctori·

183 1863 275 1920 tatem,
289 1868 342 1907 non
355 1866 483 1917 amorem,
495 1864 548 1904 non
559 1848 702 1918 ingenium,
714 1861 767 1900 non
780 1846 967 1917 eloquentiam,

184 1963 237 2001 non
247 1943 456 2014 philosophiam,
474 1939 522 1995 sed
546 1939 603 1993 baec
617 1947 710 1991 evineta
728 1937 886 2006 despiciens,
902 1945 928 1991 et
942 1936 968 1991 ln

183 2035 237 2092 lide
249 2034 326 2100 daus,
340 2032 452 2096 stabilis,
463 2045 630 2101 permanens,
645 2029 768 2099 quiequid
786 2028 970 2083 universaliter

183 2125 329 2195 antiquitus
341 2123 486 2178 Ecclesiam
504 2119 666 2175 Catholicam
681 2119 796 2173 tenuisse
806 2118 968 2187 cognoverit,

185 2213 212 2269 id
226 2213 311 2269 solum
321 2212 371 2267 sibi
382 2209 524 2267 tenendum
536 2208 749 2277 credendumque
759 2207 890 2272 decernit;
901 2207 972 2277 quie·
993 2236 996 2242 ι

184 2301 249 2373 quid
261 2315 324 2357 vero
338 2300 371 2354 alr
389 2299 476 2368 aliquo
500 2296 625 2366 deinceps
644 2311 697 2350 uno
711 2303 807 2365 preter
821 2310 914 2350 omnes
929 2296 971 2350 vel

184 2399 281 2445 contra
303 2402 396 2443 omnes
409 2394 514 2442 sanctos
529 2401 626 2438 norum
644 2392 671 2438 et
683 2383 829 2438 inauditum
842 2382 970 2438 subindici

184 2481 310 2547 senserit,
325 2480 350 2534 id
370 2495 422 2533 non
445 2477 479 2532 ad
499 2476 661 2547 Religionem
683 2474 731 2529 scd
744 2473 777 2528 avl
797 2474 970 2529 tentationem

186 2573 275 2643 potins
283 2570 403 2640 intelligit
414 2568 558 2638 pertinere,
568 2575 622 2619 tum
634 2565 765 2644 precipue
773 2563 845 2619 boati
854 2563 972 2633 Apostoli

187 2663 262 2717 Pauli
270 2661 388 2717 cruditus
403 2658 529 2727 eloquiis:
538 2656 588 2711 ltoc
598 2663 638 2710 est
649 2655 719 2709 enim
728 2653 798 2723 quod
809 2654 836 2707 in
850 2651 972 2722 primaad

188 2750 339 2806 Corinthios
349 2747 464 2818 Epistola
472 2745 563 2800 scribit
576 2763 582 2798 :
599 2743 713 2813 Oportet,
728 2742 822 2811 inquit,
836 2741 973 2795 cinereae

188 2857 249 2904 esse,
261 2849 288 2893 ut
308 2837 404 2908 probuti
416 2835 541 2904 amnismti
551 2835 613 2904 dunt
626 2834 652 2886 in
664 2832 763 2895 velini
778 2831 836 2886 Cor.
851 2832 881 2885 ll
891 2851 898 2896 ·,
907 2846 937 2885 ae
950 2831 973 2885 si

188 2929 289 2984 diecret
300 2946 307 2981 :
320 2926 360 2982 Ob
376 2926 428 2980 boc
439 2925 574 2979 hereseon
589 2938 641 2976 non
653 2921 743 2975 statim
756 2921 881 2975 divinitus
891 2921 973 2974 eradi·

188 3026 286 3075 cantur
309 3027 450 3081 auctores,
462 3024 491 3070 ut
503 3014 605 3084 probati
618 3012 748 3066 manifesti
762 3010 834 3076 llarvt,
847 3010 932 3075 idest,
947 3019 975 3064 ut

190 3110 452 3180 unusquisqnequam
460 3114 538 3161 tenax
548 3112 575 3159 et
580 3103 663 3158 fidelis
670 3110 696 3157 ct
704 3101 770 3159 daras
775 3101 908 3156 catholica
914 3101 974 3156 ndei

190 3202 226 3256 sit
235 3210 336 3255 amator
348 3206 482 3269 appareat.
501 3197 534 3250 Et
552 3206 655 3259 revera,
673 3192 733 3247 ciam
746 3207 857 3262 quaeque
873 3192 975 3248 novitas

189 3290 292 3357 ebullit,
303 3288 392 3343 statim
402 3286 519 3342 comitur
528 3285 717 3339 frumentorum
728 3281 842 3351 gravitas
850 3289 876 3335 et
883 3280 975 3336 levitas

190 3381 340 3451 palearum;
360 3386 422 3432 tunc
444 3376 502 3431 sinc
522 3388 618 3443 magno
638 3371 773 3426 molimine
793 3371 924 3424 excutitur
941 3370 976 3425 ab

189 3483 252 3525 area
262 3467 332 3539 quod
345 3465 418 3522 nullo
427 3464 544 3535 pondere
555 3462 623 3516 intra
639 3474 727 3514 aream
738 3457 885 3512 tenebatur.
897 3458 975 3512 Nam·

189 3575 243 3630 que
255 3559 299 3613 alii
316 3558 384 3612 illico
402 3569 510 3625 prorsus
525 3551 646 3614 avolant;
660 3549 704 3602 alii
718 3561 782 3602 vero
795 3545 975 3601 tantummodo

190 3647 312 3714 excusi,
326 3653 354 3701 et
365 3645 452 3715 perire
465 3647 595 3706 metuunt,
607 3646 634 3693 et
645 3636 733 3692 redire
747 3635 906 3691 erubeseunt
915 3650 975 3689 sau·

190 3782 236 3854 qui
244 3780 335 3836 incidit
343 3780 369 3833 in
375 3773 542 3831 ann.Cbristi
549 3770 600 3825 lit)
609 3787 616 3822 :
627 3768 697 3822 «liic
703 3771 860 3835 tempestate
868 3762 976 3833 pseudo·

193 3871 205 3904 r
219 3841 566 3921 prophetiaquaesataphry
585 3855 614 3893 as
624 3838 783 3896 nominatur,
794 3832 974 3902 aceepitexor-

194 3940 204 3974 r
221 3919 559 3985 dium,llontanoauctore,
607 3909 661 3962 isca
674 3900 975 3972 blaxiorillaqueinsanis

194 3990 334 4044 «vatibus.
357 3986 457 4040 Nomen
480 3980 563 4036 errori
593 3976 730 4031 Provincia
750 3972 862 4042 Phrygia
887 3969 973 4037 dedit,

194 4079 204 4112 r
221 4059 283 4130 quia
293 4045 694 4121 inventoresejusillicprimitbs
708 4043 875 4106 exstiterunt,
887 4038 976 4161 ibique

194 4147 204 4180 r
221 4129 352 4191 rixemnt,
364 4131 392 4179 et
405 4119 565 4177 nuncetiam
579 4117 605 4170 in
618 4113 718 4169 eisdem
731 4111 849 4181 partibus
865 4122 934 4178 popu
945 4123 976 4163 os

196 4216 206 4250 v
219 4197 326 4251 babent.
337 4193 485 4248 Adventum
497 4187 609 4256 Spiritus
617 4183 708 4239 Sancti
719 4181 734 4234 'a
747 4179 858 4234 bomine
868 4177 977 4247 promis·

197 4286 207 4317 t
221 4281 292 4331 sum,
301 4265 327 4318 in
336 4278 366 4318 se
375 4256 594 4331 potius,quamio
604 4252 743 4322 Apostolos
753 4247 974 4303 luisseasserunt:

196 4355 206 4387 r
223 4334 352 4390 secundas
363 4331 466 4399 nuptias
473 4342 522 4397 pro
531 4321 746 4379 ionrieationibus
758 4317 869 4382 habent;
880 4324 908 4370 et
916 4314 976 4370 ideo

196 4423 206 4455 r
221 4404 312 4459 dieunt
327 4417 373 4457 eas
384 4398 535 4469 permisisse
552 4391 705 4463 Apostolum
722 4387 849 4452 Paulum,
866 4385 928 4455 quia
942 4399 977 4439 cx

196 4493 206 4525 t
221 4482 296 4544 parte
306 4471 415 4535 sciebat,
426 4476 453 4522 et
462 4481 494 4521 ex
503 4475 577 4534 parte
583 4458 770 4532 prophetabat,
778 4456 895 4510 nondum
905 4453 976 4508 enim

195 4562 205 4594 r
219 4549 329 4597 venerat
346 4538 417 4610 quod
430 4533 574 4606 perfectum
592 4539 643 4588 est.
656 4529 711 4583 lloc
724 4536 811 4582 autem
831 4523 976 4594 perlectum

195 4604 592 4672 ‹inblontanumetinejmpro
609 4593 974 4653 hetissasventssedetimnt.»

195 4680 266 4734 iirit
281 4678 456 4733 Tertullianus
470 4688 553 4741 usquc
566 4686 581 4724 a
614 4668 727 4722 mediam
738 4674 841 4720 aetatem
853 4662 977 4716 Ecclesia

194 4744 468 4829 presbyteruiuvidia
476 4738 674 4810 postca,inquit
681 4736 856 4802 {lieronymus
863 4729 975 4784 indurat.

197 4839 207 4871 t
219 4817 277 4872 Sera
298 4856 305 4869 .
317 4815 385 4869 Erci.
396 4830 452 4882 cop.
460 4803 708 4874 55,cteontameliis
719 4804 878 4859 clericorum
886 4799 977 4851 lloma·

198 4906 207 4938 r
221 4902 262 4941 na>
270 4834 404 4948 {eclesie
413 4882 445 4935 ad
456 4878 668 4957 llontanidogma
678 4870 844 4941 delapsus,in
852 4867 978 4921 multisli-

198 4976 207 5008 r
224 4956 280 5010 bris
289 4953 409 5008 meminit
416 4965 490 5006 norae
502 4941 819 5015 propbettezspeeialiter
828 4946 915 5017 autem
931 4935 978 4990 ad·

198 5044 208 5077 r
225 5037 331 5080 ressutn
345 5020 489 5075 Ecclesiam
502 5017 584 5071 texuit
595 5014 726 5068 volumina
735 5029 740 5063 :
749 5010 783 5064 de
796 5008 929 5077 pudicitia,
945 5004 978 5059 de

199 5113 209 5146 ι
314 5093 414 5153 utione,
424 5085 578 5156 dejejuniis‚
590 5084 623 5138 de
637 5079 809 5148 Morvogamia,
821 5077 854 5130 de
861 5074 943 5129 extasi
952 5074 979 5127 li-

200 5183 210 5215 t
242 5178 287 5216 ros
300 5176 363 5224 sex,
378 5169 405 5214 et
422 5158 561 5278 septimum
580 5166 657 5222 quem
671 5150 797 5203 adversus
813 5143 979 5224 Apollonium

200 5252 210 5284 r
224 5230 381 5300 composuit.
395 5228 451 5281 ibo
460 5224 544 5280 entius
553 5238 617 5275 sane
624 5218 738 5273 bominis
746 5216 911 5284 lapsusque
923 5212 980 5265 lhe-

198 5313 311 5381 ronymo
318 5297 411 5353 eodem
422 5305 488 5350 teste
496 5295 522 5346 in
530 5291 614 5360 Epist.
621 5289 655 5342 ad
661 5288 791 5368 llagnum,
800 5284 869 5337 inter
874 5281 980 5335 Latinos

200 5370 265 5424 nibd
277 5367 436 5424 Tertulliano
449 5361 587 5425 eruditius,
598 5359 638 5413 vel
645 5365 760 5415 acutius:
770 5351 875 5422 quando
885 5349 981 5472 Apolo-

200 5440 301 5510 getieus
310 5436 377 5506 ejus.
390 5443 417 5489 et
427 5442 518 5488 eontra
526 5429 622 5484 Gentes
632 5425 701 5488 libri,
712 5432 832 5479 cunctam
843 5435 903 5474 sec·
918 5435 924 5470 ι
934 5418 982 5470 ob-

202 5508 287 5563 tinent
295 5505 467 5574 disciplinam.
477 5501 570 5554 Fertur
581 5496 675 5550 vixisse
684 5507 766 5564 usque
779 5491 811 5544 ad
821 5489 980 5558 decrepitam

201 5584 316 5632 atatem.

761 309 1043 366 cnttttdh'ttolttutt
1064 306 1206 363 ratttblt.

1744 314 1795 369 dnn

1016 422 1059 486 cii,
1072 425 1218 479 semineces
1228 439 1257 478 ae
1271 426 1388 479 semiviri
1399 443 1406 490 ;
1417 426 1513 496 quippe
1531 424 1575 496 qui
1585 433 1685 481 tantam
1700 428 1795 483 retroni

1016 513 1151 568 hauserint
1159 516 1330 585 quantitatem
1342 532 1400 585 qum
1414 531 1462 570 nec
1476 515 1577 571 occidat
1589 531 1638 570 nee
1652 515 1792 585 digeratur,

1016 620 1066 659 nee
1078 607 1145 660 mori
1157 615 1233 676 cogat
1245 621 1294 661 nee
1311 606 1399 660 virere
1413 608 1491 673 sinat,
1506 607 1557 660 heu
1572 606 1720 660 miseranda
1731 619 1796 660 con·

1016 693 1098 748 ditio!
1114 697 1217 764 quantis
1230 695 1265 748 illi
1275 710 1397 752 cummm
1407 696 1524 761 aestibus,
1535 695 1639 764 quantis
1649 694 1796 748 turbinibus

1017 785 1197 854 exagitantur?
1209 785 1282 844 Nunc
1293 785 1400 848 etenim,
1412 801 1462 853 qua
1473 795 1566 838 ventus
1576 784 1717 853 impulerit,
1729 783 1796 836 inti-

1018 881 1071 927 tato
1084 889 1174 928 errore
1193 874 1345 943 rapiuntur3
1366 889 1434 928 nunc
1457 875 1482 926 in
1500 874 1657 942 semetipsos
1677 873 1794 938 reversi,

1018 972 1141 1032 tanquam
1154 963 1275 1017 contrarii
1289 961 1392 1026 fluetus,
1407 962 1567 1028 reliduntur,
1579 976 1648 1014 nunc
1659 961 1795 1016 temeraria

1017 1051 1220 1119 presumptione
1241 1059 1268 1106 et
1283 1066 1314 1105 ea
1328 1066 1385 1120 qua
1396 1051 1494 1104 ineerta
1505 1049 1795 1118 videnturatlprobant3

1018 1155 1088 1193 nune
1097 1139 1238 1193 irrationali
1252 1149 1333 1202 metu,
1347 1139 1426 1192 etiam
1441 1153 1498 1207 quae
1512 1147 1583 1192 certa
1596 1145 1658 1191 sunt
1670 1151 1797 1205 expaves-

1018 1238 1095 1292 cunt;
1110 1228 1201 1280 incerti
1215 1243 1266 1296 qna
1281 1236 1351 1292 eant,
1373 1242 1423 1296 qna
1441 1227 1558 1290 redeant,
1576 1225 1637 1295 quid
1657 1224 1796 1304 adpetant,

1018 1317 1080 1386 quid
1094 1316 1267 1386 lugiant,quid
1279 1316 1460 1385 teneant,qnid
1471 1315 1611 1368 dimittant.
1620 1312 1684 1379 Qun
1693 1313 1798 1381 quidem

1019 1406 1089 1461 drvbii
1097 1415 1124 1461 et
1136 1407 1204 1459 ntale
1212 1406 1316 1475 penduli
1326 1407 1413 1460 cordis
1422 1406 1527 1459 afflietio
1535 1405 1629 1458 divinae
1637 1418 1697 1473 erga
1712 1419 1740 1457 sc
1751 1404 1800 1456 nri-

1020 1497 1159 1551 serationis
1168 1505 1209 1550 cst
1221 1497 1361 1560 medicina,
1375 1497 1397 1551 si
1409 1497 1519 1566 sapiant.
1535 1495 1634 1549 idcireo
1643 1495 1740 1548 etenim
1751 1509 1799 1548 et-

1020 1595 1060 1639 tra
1071 1585 1228 1639 tutissimum
1242 1585 1376 1640 catholicae
1387 1585 1447 1639 fidei
1456 1596 1561 1655 portum
1574 1584 1685 1640 dirersis
1699 1586 1799 1653 cogita·

1021 1676 1120 1730 tionum
1140 1675 1301 1746 quatiuntur,
1316 1675 1502 1740 verberantur,
1521 1690 1552 1729 ac
1571 1690 1638 1744 pene
1658 1683 1799 1728 enecantur

1019 1769 1152 1838 procellis,
1163 1777 1191 1822 ut
1200 1783 1309 1823 excussa
1320 1768 1346 1821 in
1356 1768 1437 1820 altum
1453 1767 1528 1820 elate
1539 1766 1635 1820 mentis
1649 1764 1706 1819 vela
1719 1764 1801 1833 dopo-

1022 1867 1094 1922 nant,
1108 1875 1166 1929 qvam
1182 1858 1250 1912 nrale
1269 1857 1413 1911 novitatum
1438 1856 1522 1910 ventis
1540 1854 1732 1924 expanderant,
1756 1868 1800 1907 se·

1021 1963 1101 2019 seque
1115 1949 1183 2002 intra
1192 1946 1342 2001 lidissimam
1355 1945 1493 2000 stationem
1504 1944 1648 2014 placidreac
1657 1944 1732 1998 bona
1745 1956 1801 1996 rna·

1022 2042 1070 2096 tris
1083 2041 1209 2095 reducant
1218 2046 1244 2093 et
1254 2046 1369 2099 teneant,
1383 2044 1461 2105 atque
1474 2050 1578 2089 amaros
1595 2035 1653 2088 illos
1667 2032 1802 2087 turbulen-

1023 2140 1115 2201 tosque
1125 2143 1246 2184 errorum
1259 2126 1353 2180 duetus
1363 2125 1484 2194 primitus
1500 2131 1645 2186 revomant,
1659 2129 1688 2175 ut
1701 2120 1803 2190 possint

1022 2219 1145 2289 deinceps
1159 2217 1224 2271 vivae
1234 2224 1261 2270 et
1273 2214 1390 2268 salientis
1403 2227 1478 2282 aque
1490 2211 1585 2267 iitrenta
1599 2221 1699 2280 potare.
1710 2208 1795 2263 liudis

1023 2318 1083 2364 eant
1092 2310 1160 2364 bene
1169 2307 1239 2378 quod
1253 2305 1398 2360 didicerant
1407 2317 1459 2356 non
1468 2302 1551 2366 bene;
1566 2311 1633 2354 etex
1644 2308 1699 2354 toto
1709 2298 1787 2353 Eoele

1023 2401 1069 2456 sim
1078 2399 1200 2468 dogmate
1212 2395 1281 2465 quod
1294 2393 1426 2447 intellectu
1439 2390 1496 2460 capi
1509 2397 1595 2459 potest
1603 2388 1716 2457 capiant,
1731 2387 1802 2456 quod

1024 2505 1076 2543 non
1090 2494 1176 2557 potest
1188 2484 1306 2540 credaut.

1058 2575 1129 2631 xxi.
1144 2574 1208 2641 Quae
1222 2587 1282 2627 cum
1293 2572 1328 2624 ita
1340 2570 1402 2632 sint,
1412 2570 1506 2623 iterum
1516 2576 1594 2636 atque
1605 2567 1698 2620 iterum
1712 2564 1803 2619 eadem

1024 2680 1129 2721 meeum
1150 2661 1288 2717 revolvens
1306 2667 1333 2714 et
1346 2666 1481 2726 reputans,
1505 2655 1594 2708 mimri
1620 2654 1684 2708 satis
1702 2667 1805 2723 nequeo

1025 2763 1123 2809 tantam
1131 2749 1303 2822 quorumdam
1313 2747 1447 2801 bominum
1457 2744 1600 2808 vesaniant,
1612 2752 1709 2796 tantm
1720 2757 1806 2797 exene-

1024 2851 1090 2896 eatae
1100 2839 1195 2895 mentis
1206 2837 1377 2906 impietatem,
1390 2841 1488 2888 tantam
1508 2839 1640 2901 postremo
1653 2830 1758 2884 errarrdi
1771 2830 1805 2883 li·

1024 2932 1140 2986 bidinem
1155 2936 1183 2982 ut
1195 2925 1310 2981 contenti
1322 2937 1375 2977 non
1389 2921 1443 2976 sint
1455 2919 1549 2973 tradita
1567 2918 1647 2972 semel
1662 2926 1689 2971 et
1698 2924 1805 2987 accepta

1025 3018 1169 3088 antiquitus
1181 3013 1305 3069 credendi
1317 3011 1417 3080 regula,
1432 3008 1478 3063 sed
1492 3022 1557 3062 nova
1570 3020 1601 3060 ac
1617 3020 1684 3060 nora
1695 3006 1720 3059 in
1734 3006 1805 3059 diem

1026 3114 1154 3180 querant,
1165 3116 1321 3174 semperque
1331 3098 1427 3169 aliquid
1438 3097 1549 3168 gestiant
1559 3095 1685 3164 Religioni
1698 3094 1804 3154 addere.

1026 3207 1138 3263 mutare,
1153 3195 1291 3251 detrahere
1301 3208 1308 3257 ;
1319 3190 1392 3260 quasi
1407 3205 1458 3242 non
1469 3188 1576 3242 coeleste
1591 3188 1684 3255 dogma
1694 3185 1807 3254 sitquod

1027 3288 1108 3344 semol
1126 3285 1271 3341 revelatum
1280 3295 1339 3336 esse
1353 3278 1473 3342 sufficiat,
1488 3276 1533 3331 sed
1548 3285 1650 3330 terrena
1664 3274 1806 3336 institutio,

1027 3394 1086 3449 quaa
1098 3377 1172 3436 aliter
1183 3371 1272 3444 perlici
1280 3370 1329 3426 nisi
1340 3367 1445 3424 assidua
1454 3364 1647 3430 emendatione,
1661 3364 1714 3416 imo
1723 3362 1820 3432 potius.

1027 3465 1232 3537 reprehensione
1240 3475 1291 3516 non
1299 3458 1392 3530 possit,
1400 3470 1460 3510 eum
1468 3454 1555 3508 divina
1564 3453 1678 3507 clament
1686 3450 1806 3505 oracula:

1028 3556 1215 3625 Netrorrtserut
1225 3544 1412 3619 tenninorquor
1431 3552 1654 3615 posueruntputrer
1667 3543 1712 3604 tui,
1730 3540 1805 3594 Pron.

1026 3648 1077 3711 ἢ
1087 3654 1127 3701 et:
1137 3644 1221 3714 Super
1225 3640 1381 3712 judicantem
1390 3651 1421 3688 rte
1425 3634 1533 3704 judicet,
1548 3631 1626 3684 Ectli.
1641 3630 1671 3695 83
1686 3628 1810 3683 ettScin-

1028 3738 1125 3790 deruom
1139 3747 1222 3802 repent
1238 3726 1359 3781 mordebit
1367 3738 1423 3776 earn
1435 3735 1546 3790 serpens,
1558 3717 1654 3771 Eccita.
1664 3714 1809 3783 ld,etillud

1027 3824 1210 3896 apostolieum,
1221 3833 1273 3890 quo
1285 3830 1377 3870 omnes
1387 3812 1504 3867 omniurn
1520 3809 1656 3863 hereseon
1674 3805 1809 3861 seeleratae

1027 3915 1157 3971 novitates
1166 3911 1238 3966 velut
1246 3906 1359 3979 quodam
1373 3902 1485 3973 spiritali
1497 3899 1584 3971 gladio
1598 3912 1669 3968 saepe
1681 3904 1809 3952 nunoetae

1028 4019 1183 4077 semperque
1205 3998 1356 4056 hurrcandar
1375 4002 1437 4052 sunt
1451 3992 1492 4047 :0
1516 3987 1809 4059 lauzendensium

1028 4098 1136 4162 custodi,
1148 4096 1258 4150 devitant
1268 4090 1412 4163 mundanos
1421 4084 1633 4140 ooounrnoaitntes
1646 4090 1669 4135 et
1675 4079 1820 4151 oppositie'

1028 4207 1071 4245 ner
1084 4189 1144 4261 falti
1164 4185 1271 4241 nominis
1289 4182 1408 4244 scientie,
1421 4194 1496 4249 quam
1508 4174 1609 4247 quidum
1628 4172 1806 4245 prontittertter,

1028 4284 1095 4337 circu
1104 4281 1180 4350 fidem
1198 4277 1351 4336 reciderunt,
1367 4273 1392 4336 l,
1404 4271 1425 4324 Τ
1425 4271 1470 4323 im.
1489 4268 1516 4324 6.
1530 4267 1564 4321 El
1583 4271 1643 4335 post
1660 4264 1717 4319 haec
1735 4263 1809 4317 inve-

1028 4372 1136 4427 niuntur
1147 4367 1225 4437 aliqui
1239 4358 1310 4421 tanta
1331 4363 1482 4416 inveterate
1507 4355 1599 4409 irontis
1617 4353 1723 4418 duritia,
1738 4359 1810 4406 tarrta

1029 4460 1197 4533 impudentiae
1218 4455 1323 4520 incude,
1344 4459 1416 4506 tanto
1428 4449 1567 4504 adamante
1582 4444 1743 4514 pertinaciae,
1765 4441 1810 4513 qui

1028 4552 1108 4607 tanus
1117 4548 1279 4619 eloquiorum
1287 4541 1433 4598 eoelestium
1443 4536 1554 4592 molibus
1563 4548 1616 4587 non
1623 4531 1809 4597 succumbant,

1029 4642 1110 4696 tantis
1120 4637 1279 4709 ponderibus
1289 4649 1340 4688 non
1352 4630 1483 4692 iatiseant,
1495 4621 1682 4680 tantistnalleis
1691 4636 1744 4674 non
1752 4635 1812 4675 eon-

1029 4740 1186 4803 quassentur
1197 4772 1204 4796 ,
1218 4727 1297 4783 tantis
1307 4731 1443 4795 postremo
1454 4716 1605 4772 fulminibus
1614 4728 1667 4768 non
1677 4720 1811 4767 conteran-

1030 4825 1093 4878 turi
1106 4822 1204 4886 Debita,
1223 4818 1316 4889 inquit,
1335 4813 1480 4885 propltonor
1498 4823 1584 4862 uocum
1601 4805 1719 4860 novitates
1733 4818 1742 4855 :
1754 4801 1811 4855 Non

1031 4915 1096 4969 dixit
1105 4913 1272 4982 antiquitates,
1288 4922 1340 4962 non
1353 4904 1418 4959 uirtt
1430 4910 1578 4960 ueturtutes,·
1591 4897 1644 4950 imo
1658 4895 1733 4963 plane
1749 4889 1811 4960 qnid

1031 5005 1187 5063 econtrario
1197 5007 1351 5072 sequeretur
1359 4992 1482 5051 ostendit.
1492 4990 1558 5044 Nam
1568 4988 1589 5041 si
1600 4983 1703 5039 vitanda
1714 4990 1755 5036 est
1764 4996 1811 5034 no-

1031 5100 1108 5163 ritas,
1124 5091 1237 5149 tenenda
1246 5097 1287 5144 est
1296 5084 1452 5155 antiquitas;
1467 5088 1495 5134 et
1507 5078 1528 5133 si
1541 5075 1674 5146 prophana
1684 5077 1725 5124 est
1737 5068 1811 5122 novi·

1033 5196 1083 5251 tas,
1097 5181 1198 5241 sacrati
1212 5187 1253 5235 est
1264 5184 1391 5231 vetustas.
1404 5171 1436 5224 Et
1449 5166 1625 5239 oppositiones,
1645 5159 1738 5228 inquit,
1753 5157 1811 5227 suist

1032 5275 1139 5331 nominis
1156 5269 1274 5325 scientiar.
1289 5266 1357 5320 Vere
1373 5261 1465 5315 salsum
1485 5269 1580 5310 nomen
1598 5248 1667 5319 apud
1679 5245 1812 5302 doctrinas

1035 5365 1238 5425 llnreticorum3
1253 5365 1281 5412 ut
1294 5353 1438 5427 ignorantia
1445 5347 1570 5410 scientiae,
1579 5349 1606 5397 et
1618 5340 1701 5409 caligo
1710 5336 1811 5392 sereni-

1034 5456 1106 5518 tatis,
1118 5462 1144 5508 et
1155 5450 1269 5506 tenebra
1281 5444 1387 5500 luminis
1399 5437 1571 5509 appellatione
1584 5431 1711 5485 locentur.
1730 5425 1812 5491 Quum

1035 5548 1148 5616 quidem,
1171 5541 1265 5612 iuquit,
1281 5535 1458 5606 pronaittrntes,
1481 5528 1547 5581 circo
1570 5523 1643 5594 fidem
1659 5517 1811 5573 cecidertml.
