4009 6184
198 334 250 393 sss
601 346 631 404 s.
652 341 751 410 rtsrt
771 327 804 400 itt
823 341 926 401 caea
947 343 1126 403 anscote
1148 342 1192 402 er
1216 342 1389 402 osonum.
1780 349 1837 412 εει

199 461 357 535 simplicitet·
369 460 394 516 X
395 461 455 535 γεεί,
480 457 526 515 sed
537 454 615 530 Xysti
624 457 776 512 successeris
791 455 921 513 Coeirstini
936 471 985 512 no·
999 462 1024 521 Α
1036 459 1113 512 sitam
1127 458 1154 512 in
1170 458 1320 531 eounpeh'ris
1335 458 1515 513 certaminibus
1529 457 1681 516 assistance
1700 469 1838 537 transmit,

197 539 271 591 tuine
297 541 443 591 inemoratn
455 538 552 597 prater
566 541 668 583 risorem
683 527 847 591 Coelestino,
863 529 986 583 inscribi·
1037 534 1061 581 et
1077 529 1183 599 synodis
1207 530 1294 582 multis
1318 529 1447 596 interluit.
1475 529 1534 584 Alia
1554 541 1685 601 practerea
1703 534 1788 606 lysto
1801 538 1839 592 sd

199 614 252 661 tur.
266 580 432 675 Ommatium
446 601 496 654 boc
514 600 573 654 lieri
587 600 683 666 pettrit,
697 612 751 650 ιιιιο
763 597 907 665 antiquarii
930 606 987 653 stu·
1038 598 1165 652 Acacium
1187 598 1417 653 seribendicausa
1428 598 1490 662 tuit,
1501 603 1573 667 aptati
1586 603 1712 658 nimirum
1727 607 1761 668 is,
1771 619 1837 661 crmr

200 675 256 739 dio,
269 685 297 729 ιιι
308 674 342 729 ab
352 674 412 726 aliis
427 671 518 742 llystis
529 680 621 724 niuster
637 668 856 737 distingueretur.
1039 667 1175 732 nptias-nan
1191 679 1303 722 vocatus
1323 685 1378 735 pras
1392 669 1469 724 senio
1491 669 1588 725 adesse
1603 685 1656 726 non
1684 668 1813 730 rulthsset
1830 716 1840 739 ,

233 745 262 797 2.
283 743 369 797 Prima
381 757 433 794 uon
449 741 483 793 ad
498 738 626 807 Cprilhnn
640 745 755 800 tantum,
769 736 816 791 scd
830 746 857 791 ct
870 734 904 788 ad
919 736 987 791 alios
1039 736 1144 792 litteras
1170 740 1296 807 proriam
1310 754 1324 788 a
1339 736 1445 792 instinc
1471 752 1637 795 metnoratas
1660 743 1720 798 tice
1734 745 1777 798 sui
1800 747 1838 799 stt

199 813 314 868 Orientis
326 812 478 881 episcopos,
494 824 509 863 a
522 810 617 878 quibus
636 808 762 862 destinati
777 806 881 861 luerant
895 806 986 875 legati,
1038 806 1223 861 Theodosium
1234 809 1307 862 misit
1318 821 1379 862 eunt
1391 807 1497 880 syuodo
1508 811 1759 877 communicandas,
1771 830 1841 881 uuas

199 891 229 939 et
244 884 275 935 ad
288 897 357 950 ιγιιοε
368 882 448 936 scribi
464 881 541 948 legati
558 880 607 947 ipsi
628 879 773 945 petierant,
788 893 804 929 a
818 875 988 946 periscripta
1039 889 1069 930 re
1094 876 1152 945 ipsa
1178 879 1326 1001 imperatas
1347 878 1393 932 ille
1420 879 1532 946 perferri
1565 880 1703 949 Ephesum
1731 891 1842 939 curavit

199 962 250 1018 cst,
262 954 325 1018 licet
334 967 416 1005 unum
430 949 584 1019 praeseferat
596 946 689 1019 Cyrilli
701 962 797 1001 nornen
808 962 815 1011 ;
828 946 989 1001 hauddubie
1039 944 1117 1017 (bsh.
1129 947 1214 1000 ναυσί
1229 948 1238 1001 l
1252 946 1350 1001 Condi.
1367 964 1427 1018 pap.
1444 948 1496 1002 tas
1506 950 1527 1019 i.
1543 950 1642 1004 ilarnm
1654 952 1746 1008 acacii
1765 953 1842 1010 litte·

199 1023 259 1092 quia
269 1021 339 1092 qtrod
354 1022 403 1090 ipsi
416 1019 571 1073 nominatim
582 1018 740 1082 inscriptum
752 1025 811 1072 erat
821 1030 898 1071 exetn
920 1016 988 1079 lum,
1040 1032 1131 1070 rarum
1148 1018 1207 1084 ipse
1222 1019 1345 1071 matrina
1357 1017 1526 1074 Theodosius
1543 1020 1568 1072 in
1581 1035 1659 1075 sacra
1677 1038 1758 1091 quam
1776 1033 1842 1091 post

200 1108 281 1146 unum
294 1094 326 1144 ad
341 1107 390 1145 nos
400 1092 533 1160 perressit.
548 1088 759 1141 limenemincm
773 1101 882 1141 titotcre
908 1087 990 1141 ebeut
1040 1085 1168 1153 Nestorii,
1180 1084 1273 1157 cyrilli
1289 1103 1320 1142 ac
1333 1087 1484 1142 llemnonis
1501 1088 1700 1159 depositionem
1712 1093 1747 1147 ad
1757 1108 1841 1164 εγεο·

199 1163 293 1233 cyrilli
308 1161 412 1226 laudes,
428 1174 495 1228 quas
511 1158 621 1229 Xystus,
636 1158 687 1211 nisi
700 1157 732 1211 ad
746 1156 815 1209 alios
829 1157 910 1210 etiam
927 1170 990 1224 per·
1039 1155 1103 1210 dtttn
1119 1159 1238 1227 scripsit.
1255 1159 1322 1211 Cutn
1339 1158 1422 1226 igitur
1435 1157 1538 1228 Xystus
1550 1161 1676 1214 leucium
1689 1176 1742 1216 iton
1756 1165 1841 1218 nsodn

200 1231 391 1287 tinuissetbzrc
408 1230 533 1298 epistolii,
548 1231 589 1281 tei
603 1239 702 1290 tacere,
726 1228 768 1281 vel
790 1228 869 1282 aliter
892 1226 989 1285 eliens
1040 1226 1111 1294 stsud
1124 1224 1254 1281 ίυειιιιοιε
1269 1238 1297 1282 et
1310 1230 1410 1293 socios,
1427 1228 1571 1284 sedetiam
1592 1230 1663 1297 apud
1690 1231 1843 1299 imperato·

199 1302 348 1357 debuisset.
368 1300 496 1354 Eamdem
517 1299 550 1352 ad
564 1298 691 1352 Acacium
708 1298 810 1352 lieroea
834 1296 988 1365 episcopum
1041 1308 1213 1373 remeantum
1225 1313 1306 1367 posse
1320 1298 1568 1365 animadverterem
1581 1301 1691 1369 plurimi
1704 1303 1843 1358 interesse·

200 1373 311 1427 missam
328 1385 400 1433 esse,
418 1384 467 1424 uae
481 1369 560 1422 aliani
579 1368 614 1422 ab
627 1369 686 1434 ipso
710 1367 822 1421 indicari
846 1369 990 1436 opinamur
1038 1366 1170 1433 judicarit
1186 1376 1214 1421 nt
1228 1368 1261 1422 ad
1274 1370 1489 1436 etitrtpnnendam
1502 1383 1610 1437 pacem,
1622 1372 1728 1426 idoneis
1743 1372 1844 1427 condi-

198 1442 227 1496 iu
238 1438 467 1514 synodicarum
482 1439 604 1493 baitreins
617 1434 872 1506 pnstChristiauutn
884 1435 989 1506 hripum
1042 1436 1161 1491 tionibus
1189 1440 1346 1505 prnpnsitis,
1362 1438 1407 1492 ille
1423 1441 1449 1492 iu
1465 1440 1559 1508 prinus
1575 1440 1769 1496 adduceretur.
1785 1441 1842 1497 lle·

201 1527 264 1567 nor.
279 1512 344 1565 coll.
360 1511 458 1566 caueri.
475 1509 590 1572 recudit,
606 1507 716 1570 capsa
732 1522 792 1577 pag.
809 1508 871 1570 tat,
885 1507 929 1560 ubi
951 1507 991 1560 sic
1043 1507 1126 1574 uitpue
1137 1511 1210 1561 batte
1226 1510 1340 1574 primurn
1352 1506 1432 1578 Xysti
1447 1511 1591 1576 epistolam
1608 1520 1704 1565 notare
1720 1512 1842 1567 soluisse

200 1582 336 1651 lnqtritur:
362 1580 516 1649 Episcopus,
538 1580 582 1646 qai
607 1576 695 1630 Rotnoe
722 1587 772 1641 est,
801 1592 879 1630 nuum
902 1576 937 1628 ad
950 1590 991 1629 ate
1042 1577 1149 1631 videtur
1160 1576 1316 1632 Gennadius
1326 1578 1374 1634 lib.
1386 1578 1420 1633 de
1432 1579 1487 1634 lhr.
1502 1577 1603 1633 lllnstr.
1617 1583 1663 1634 ubi
1678 1582 1726 1634 ait:
1738 1579 1765 1634 Χ
1784 1590 1843 1636 stirs

200 1653 300 1723 scripsit
315 1650 460 1718 epistolant.
489 1649 601 1702 littero
627 1647 699 1700 iuter
722 1661 770 1700 eos
793 1647 838 1715 qni
854 1661 868 1698 a
884 1643 991 1700 tisanae
1041 1661 1171 1700 successor
1188 1645 1315 1702 Caelestini
1335 1664 1382 1719 pra
1398 1648 1488 1702 cadens
1509 1665 1535 1702 rc
1554 1651 1622 1703 etad
1636 1653 1722 1718 ipsum
1773 1661 1845 1706 esto·

199 1725 317 1787 stabant,
333 1729 379 1775 aut
401 1719 502 1790 cyrilla
524 1716 748 1781 adversabuntur,
764 1716 917 1784 principuus
931 1721 991 1770 erat
1041 1716 1109 1767 riutn
1124 1724 1147 1768 et
1162 1717 1195 1769 nd
1223 1716 1336 1771 Orientis
1351 1718 1486 1787 episcopos
1500 1719 1621 1772 adstamus
1647 1736 1760 1773 errorem
1784 1723 1845 1793 ejas

201 1792 247 1845 ilie
260 1792 386 1846 Aeacius.
401 1789 478 1844 Ustdc
493 1799 521 1843 et
533 1789 590 1855 ipsc
602 1789 721 1842 lestines
732 1802 792 1840 curn
806 1799 856 1839 sua
873 1786 988 1856 εγιιιιιέο,
1042 1784 1227 1839 succidendum
1242 1789 1381 1842 sententias
1395 1788 1499 1842 direxit.
1514 1788 1591 1855 and
1613 1789 1635 1842 si
1656 1789 1693 1843 ita
1708 1800 1761 1859 est,
1777 1805 1845 1858 gra·

201 1863 271 1928 apuu
285 1862 410 1915 nunidem
427 1860 565 1914 balusium
581 1856 648 1912 ibid.
671 1871 696 1911 c.
726 1857 759 1911 li
789 1856 928 1923 papiri,
956 1839 1114 1908 aiissritcr
1128 1855 1308 1911 hallucinatus
1321 1867 1364 1911 est
1375 1858 1432 1922 ille,
1452 1873 1513 1912 cttm
1528 1859 1670 1927 epistulam
1697 1859 1732 1911 cd
1753 1862 1845 1925 ipsunt

200 1932 382 1986 'lireotiosium
409 1931 474 1997 imp.
492 1929 529 1981 ita
552 1929 668 1982 scribit:
691 1925 753 1980 lloee
771 1933 856 1980 autem
878 1923 992 1994 (cyrilli
1044 1922 1197 1980 Nestorium
1222 1926 1348 1981 directam
1372 1929 1452 1986 dixit.
1477 1932 1504 1982 iu
1527 1930 1695 1996 quadtserte
1709 1928 1845 1983 adversus

199 2002 314 2067 capitula
327 2001 336 2071 )
349 2003 414 2054 sicut
425 2011 537 2052 uestrum
549 1997 652 2065 apncoit
665 1995 811 2065 imperinm,
826 2003 849 2047 ct
862 1994 916 2048 Oce
926 1995 993 2047 artti·
1044 2007 1105 2047 eum
1121 1996 1280 2063 pronuntiat
1295 1995 1396 2069 Xystus
1412 1996 1510 2069 (llum.
1525 1997 1560 2067 l)
1574 2016 1580 2051 :
1596 1998 1674 2053 Solus
1696 2000 1777 2070 ipitur
1797 1997 1846 2051 tta

200 2073 318 2125 cissiruus
332 2070 763 2139 stsartctissintuspaternosteret
777 2064 912 2132 εμίεεεριεε
926 2063 994 2117 Aca·
1043 2063 1077 2116 sit
1097 2069 1250 2137 uuusrcptts,
1280 2082 1356 2138 quem
1379 2069 1407 2121 irs
1434 2078 1506 2121 tanta
1533 2070 1644 2139 ealipine
1675 2070 1846 2139 propriaram

202 2142 256 2194 rius
265 2150 381 2196 εοαεεειιι
392 2142 518 2210 syracusan
533 2153 577 2207 μετ
591 2136 688 2189 litteras
703 2135 817 2197 edocuit,
830 2137 900 2204 quod
911 2134 993 2206 Apol·
1044 2133 1222 2189 doctrinarum
1239 2135 1307 2196 nihii
1320 2145 1467 2192 εεεεειεεεειε
1489 2139 1628 2209 inspiciatis
1642 2140 1738 2209 fluctus
1757 2138 1845 2192 aitisit

202 2211 291 2264 linarii
310 2212 433 2282 impietati
447 2209 607 2263 corrueriunt.
624 2206 702 2260 linuit
714 2221 772 2259 nero
785 2204 840 2258 itae
854 2204 924 2259 clarc
943 2204 992 2267 uir,
1044 2205 1152 2274 scopata
1169 2207 1347 2277 depositionis.

202 2281 244 2349 atti
263 2292 364 2334 errrtnns
384 2281 472 2333 decern
492 2280 549 2332 aitte
564 2293 647 2330 aranos
672 2275 792 2345 expleuit,
813 2289 914 2327 omrem
935 2288 994 2327 nera

901 2374 915 2403 ¹
931 2363 1099 2421 aetatula
1117 2365 1128 2421 l

204 2481 282 2523 mli
294 2481 337 2534 ill,
352 2478 499 2522 m'l'lislll
513 2475 586 2516 ΡΜ
601 2473 694 2519 hou.
707 2472 878 2515 socesstottts
897 2472 994 2515 ttttt·
1045 2481 1166 2520 umam
1180 2481 1266 2520 arnor
1280 2482 1326 2521 τοι·
1347 2481 1535 2526 ululatuum?
1552 2479 1615 2520 ntus
1632 2475 1848 2530 εαεειιιφεωοιοε

450 2547 533 2597 S'l'tlil,
551 2548 584 2585 aa
601 2544 743 2585 ΰῐΙέΙιιίέΙ.
1264 2544 1421 2590 minutor,
1432 2546 1493 2583 ΠΡΟΣ
1504 2544 1634 2582 ltretssott.

207 2648 342 2723 Episcopis
357 2644 469 2700 Orientis
492 2642 593 2696 nustriat
616 2639 732 2694 rtrtanirni
745 2655 869 2695 consensu
888 2639 984 2710 facum
996 2654 1051 2696 εεεε
1063 2640 1250 2695 οειίέοοείεαευι
1265 2656 1355 2705 suarm
1371 2640 1412 2695 rui
1427 2647 1450 2694 et
1466 2641 1525 2695 ilias
1540 2639 1566 2694 in
1586 2640 1677 2710 tepetis
1694 2640 1750 2694 stris
1764 2640 1849 2694 ister·

409 2715 491 2786 fuisse
507 2713 664 2783 protelatur.-
677 2710 768 2781 cyrilli
783 2725 844 2781 erpa
860 2706 975 2765 Nestorii
985 2718 1123 2767 sectatores
1135 2711 1179 2781 pia
1192 2711 1280 2781 petitio
1293 2711 1417 2766 landatur
1426 2718 1451 2765 et
1463 2711 1644 2779 confirmatur.

241 2816 265 2868 l.
285 2810 405 2867 Gratiam
420 2806 550 2862 ltabentes
564 2804 612 2859 liei
628 2801 714 2858 nostri
724 2802 797 2857 circa
812 2816 862 2858 nos
873 2801 999 2858 humaui·
1084 2804 1164 2880 xsipss
1174 2801 1354 2877 ὁμολογοῦντος
1366 2807 1461 2882 τῇπερέ
1470 2806 1537 2875 ἡμᾶς
1548 2810 1593 2859 τοῦ
1604 2810 1670 2860 Θεοῦ
1678 2805 1750 2877 ἡμῶν
1761 2805 1850 2878 palas·

204 2905 263 2972 tati,
283 2902 353 2973 quod
368 2915 402 2957 eo
416 2907 537 2968 tompore
552 2910 605 2967 quo
622 2910 671 2951 nos
687 2895 719 2950 ad
737 2910 893 2964 supremum
907 2907 1000 2949 saeer-
1049 2895 1162 2971 έροιπέφι,
1177 2893 1219 2950 ὅτι
1231 2896 1295 2951 κατέ
1309 2896 1352 2952 τὸν
1366 2898 1451 2974 καιρὸν
1471 2897 1495 2949 έν
1509 2892 1529 2970 pi
1543 2898 1611 2970 ἡμᾶς
1625 2897 1661 2957 τίς
1674 2897 1703 2953 τέ
1717 2897 1851 2971 έπιρέχον

203 2997 269 3051 datii
283 2996 388 3064 apicem
409 3004 508 3047 vocare
531 2988 657 3059 diguatus
679 2996 732 3054 est,
753 2987 889 3042 concessit
909 2984 997 3054 nobis,
1049 2993 1096 3047 τῆς
1120 2987 1260 3063 ἱερωσύνης
1282 2983 1358 3063 ἄκρον
1384 2987 1490 3043 saltatu
1513 2988 1675 3053 κατηξίωσεν,
1701 2985 1851 3063 ἐδωρήσατο

205 3086 354 3142 seecundum
379 3084 507 3155 pietatem
534 3096 622 3146 suam,
648 3079 818 3151 presentiam
843 3086 998 3134 sauctorum
1049 3079 1111 3150 έμῖν
1125 3080 1190 3134 sari
1201 3084 1247 3138 τὴν
1260 3077 1326 3135 titas
1339 3079 1479 3143 ιέσέὸτιαν,
1492 3083 1537 3138 πιέν
1550 3081 1694 3152 παρουσίαν
1705 3087 1756 3136 τῶν
1768 3079 1850 3155 έιγίων

205 3179 317 3233 iratrum
332 3185 361 3233 et
374 3176 598 3244 coepiscoporum
617 3180 769 3227 nostrorum
786 3170 999 3241 Hermogeniset
1050 3170 1162 3243 έιίιλφῶν
1184 3176 1227 3227 καί
1247 3170 1444 3227 resurrexisses
1458 3174 1528 3244 ἡμῶν
1543 3174 1707 3248 Ἑρμογένους
1719 3175 1761 3227 sai
1776 3185 1851 3244 ιαμ-

206 3267 350 3338 lampetii,
363 3265 519 3322 neccssaria
542 3264 576 3318 ad
597 3270 716 3318 nestram
732 3262 929 3317 fraternitatem
952 3277 1000 3332 per
1051 3265 1152 3329 ποτέον,
1176 3263 1316 3336 ἀναγκαίως
1336 3264 1403 3336 πρὸς
1428 3270 1475 3324 τιν
1496 3264 1623 3338 ὑμετέραν
1640 3261 1798 3334 adripias«
1817 3257 1850 3320 δι’

207 3376 256 3417 eos
268 3360 316 3415 lias
328 3360 434 3414 litteras
444 3356 567 3412 dedimus
581 3354 595 3394 b
610 3353 880 3410 testesordinationis
889 3364 1000 3409 nostra.
1027 3340 1134 3412 ἀὐτῶν
1160 3361 1244 3411 ταῦτα
1269 3355 1302 3410 τέ
1326 3356 1470 3429 γράμματι
1496 3357 1694 3431 μαρτυρούντων
1721 3357 1792 3425 ἡμῶν
1816 3362 1850 3432 τῇ

208 3452 236 3508 ln
252 3451 295 3506 bis
308 3450 382 3507 enim
406 3461 500 3503 omnes
514 3461 561 3501 ros
576 3460 590 3500 a
608 3446 706 3515 quibus
729 3445 768 3500 illi
790 3445 1001 3512 rarissimarum,
1053 3445 1201 3520 χειροτονίᾳ
1218 3441 1371 3514 bethsuram.
1395 3443 1433 3498 Ἐν
1457 3441 1558 3503 τούτοις
1575 3446 1627 3518 γὰρ
1652 3446 1750 3505 πάντας
1766 3445 1849 3517 ὑμᾶς,

207 3541 326 3598 astitisse
336 3538 512 3602 credidimus,
523 3534 739 3607 quandoquidem
750 3535 904 3590 nullatenus
919 3534 1002 3592 inter·
1052 3537 1115 3608 παρ’
1127 3532 1160 3590 ὧν
1174 3537 1262 3591 ἐκεῖνον
1274 3536 1462 3601 έπιοτάλιοαν,
1477 3540 1694 3612 παραγεγενῆσθαι
1704 3536 1850 3594 πεπιστενέ·
1875 3555 1884 3564 ·

210 3633 280 3688 ralia
306 3640 466 3701 separantur
487 3643 556 3699 quos
583 3627 721 3683 connectit
748 3627 834 3697 gralia
859 3627 1001 3696 spiritalis.
1053 3615 1849 3702 ααμεν·ἐπειδὴοὐδαμῶεδιασενέματιχωρὶζουται,οῢςσυν-

210 3725 290 3796 Quali
310 3733 400 3780 autern
416 3709 537 3778 oittttittm
560 3720 716 3786 concordia,
732 3735 781 3789 pet
799 3719 897 3774 divinate
909 3719 1003 3775 Proui·
1054 3716 1146 3789 δεσμεῖ
1159 3725 1317 3791 πνευματικὴ
1329 3722 1419 3794 χάρις.
1432 3719 1489 3774 Μεθ’
1501 3719 1556 3779 sicar
1565 3716 1593 3774 δέ
1603 3720 1706 3774 πάντων
1720 3718 1849 3790 ipssoias,

210 3819 310 3874 dentiae
325 3818 567 3886 dispensationem,
581 3813 640 3867 baec
652 3820 744 3867 nostra
757 3811 827 3865 laeta
841 3810 920 3867 fucrit
935 3812 1005 3868 ordi·
1054 3815 1120 3868 κατὰ
1133 3814 1270 3885 οἰκονομίαν
1290 3815 1358 3874 θείας
1382 3814 1510 3888 προνοίας,
1531 3812 1598 3871 airu
1620 3814 1637 3870 ri
1654 3814 1765 3884 ipseipse
1775 3814 1850 3886 γεγέ-

212 3911 297 3974 ustio,
315 3907 361 3964 tibi
381 3907 510 3963 sanctitas
524 3916 615 3960 restra
630 3904 757 3960 didicerit
781 3911 836 3959 tum
856 3919 888 3959 es
904 3906 1004 3960 nstris
1053 3926 1128 3964 suras
1138 3889 1296 3980 χειροτονία,
1317 3906 1434 3976 μαθοῦσα
1453 3906 1495 3958 καί
1518 3904 1658 3979 discripsi
1672 3902 1802 3973 έιγιοισύιο
1822 3900 1850 3958 is

213 3999 322 4065 litteris,
346 4009 401 4055 tntu
416 4012 450 4053 ex
465 3996 597 4052 relatione
617 3995 741 4058 iratrurn,
758 3997 868 4049 omnino
892 3996 1003 4064 aratiam
1054 4005 1104 4053 τῶν
1130 4000 1257 4074 spesspes
1279 3999 1455 4072 φμμμμὰτμφ,
1478 4000 1520 4052 ,με
1533 3997 1560 4051 r,
1580 4006 1626 4057 ,ἧς
1647 3998 1776 4071 &nepopis
1799 4005 1850 4052 μγ,

212 4083 1851 4165 mmmmmfflmmfflMWQQmfflwmmwfflfflm

211 4180 306 4248 irater,
319 4189 348 4234 nt
361 4178 463 4247 proprii
480 4176 544 4231 doni
562 4186 664 4243 custos,
683 4174 894 4232 ecelesiasticam
909 4192 1003 4247 parem
1055 4181 1124 4249 ipos
1138 4178 1298 4254 ὁμολογήσει,
1312 4177 1418 4253 abripis
1436 4180 1642 4252 ἀγιποτέτατος·
1663 4179 1704 4233 ἵνα
1718 4188 1765 4240 τες
1783 4178 1851 4241 έδέος

211 4286 376 4328 conservare
389 4271 523 4341 dignetur.
536 4268 608 4324 Deus
619 4276 722 4337 noster,
734 4270 780 4338 qui
792 4278 888 4336 concta
903 4270 1006 4340 qrraad
1056 4268 1090 4324 ένν
1110 4268 1209 4345 δωρεᾶς
1222 4271 1308 4344 ,φύλαξ
1329 4276 1382 4331 τέο
1399 4271 1602 4330 tauretunensis
1624 4273 1721 4344 οίρένςν
1740 4280 1851 4347 τηρῆσαι

212 4377 245 4418 se
260 4364 395 4438 pertinent
416 4363 451 4415 ita
466 4359 617 4429 dispensat,
629 4367 660 4412 ut
673 4374 706 4413 ne
719 4374 800 4413 nnttm
816 4359 925 4430 qttidcnr
940 4360 1008 4416 deii·
1056 4363 1244 4433 ααταξιέισφ.·ο
1253 4365 1315 4423 Θεὸς
1335 4365 1413 4435 ἡμῶν,
1427 4362 1535 4417 irenes
1547 4359 1583 4423 είς
1597 4363 1672 4417 αὑτὸν
1684 4364 1718 4418 τὰ
1729 4363 1852 4422 ἀνήκοντα

213 4469 276 4509 cere
288 4441 434 4521 permittat,
447 4450 607 4507 benehciunt
622 4450 728 4507 mihtin
747 4452 892 4508 occasione
908 4452 1004 4508 irater·
1056 4451 1138 4513 οὕτως
1152 4451 1261 4519 διοικῶν,
1276 4455 1317 4509 isa
1329 4451 1392 4528 μοέί
1410 4451 1436 4508 έν
1459 4451 1546 4525 λεῖψαι
1561 4457 1736 4530 σνγχοιρνέσφ,
1752 4456 1852 4532 τένοργι·

214 4546 306 4600 uitatis
318 4543 401 4600 dedit.
413 4542 540 4613 Namper
554 4552 664 4598 muetos
678 4543 885 4598 consacerdotes
899 4551 1006 4599 nastros
1022 4589 1045 4647 D
1058 4545 1115 4597 τίαν
1123 4549 1170 4613 ’μοι
1183 4544 1206 4596 έν
1219 4549 1252 4619 τῇ
1265 4546 1366 4620 ἀφορμῇ
1380 4553 1426 4604 τῆς
1449 4543 1613 4616 ἁδελφὸτοτος
1625 4543 1726 4600 δέδωκε.
1743 4537 1788 4600 Διί
1802 4547 1851 4621 γάρ

215 4636 410 4705 llermngenem
427 4640 455 4689 et
468 4633 636 4701 Lanpcttnns
647 4634 693 4702 qsti
708 4632 888 4689 interluceant
900 4633 1008 4689 ordina·
1057 4641 1107 4690 τῶν
1122 4635 1201 4709 ispius
1221 4638 1355 4710 συνιερέοιν
1376 4638 1445 4708 ἡμῶν
1463 4634 1626 4710 Ἑρμογένους
1642 4639 1686 4691 καί
1702 4641 1850 4708 εαμπιτέον

216 4727 281 4782 titini
298 4734 397 4781 nostroe
412 4726 461 4779 itas
473 4725 579 4779 litteras
593 4724 702 4778 mittere
717 4724 804 4779 vistim
820 4734 861 4780 est
872 4724 906 4779 ad
921 4725 1006 4795 pieta·
1057 4728 1267 4801 παραγενομένων
1280 4733 1312 4802 τῇ
1326 4728 1436 4802 ἡμετέρᾳ
1450 4728 1614 4803 χειροτονίᾳ,
1628 4734 1713 4783 ταῦτα
1725 4731 1759 4783 τὰ
1768 4730 1852 4802 γρᾶμ·

216 4828 270 4874 tem
282 4829 365 4881 tuam,
381 4816 473 4884 quales
484 4815 577 4885 utiquc
595 4813 630 4869 ad
643 4822 764 4869 sanctam
781 4816 913 4888 synodum
927 4826 939 4855 ⁸
953 4818 1006 4871 mi·
1057 4839 1127 4890 ματα
1137 4817 1223 4884 ἔδοξεν
1234 4819 1410 4879 ἀποσταλῆναι
1422 4821 1488 4893 πρὸς
1502 4827 1548 4878 τῆν
1561 4824 1608 4878 σήν
1619 4819 1760 4881 tiridates.
1771 4816 1851 4876 οἷοιδί

216 4912 312 4977 simus,
322 4909 357 4965 de
369 4906 556 4963 seductoribus
570 4904 700 4962 Nestorii.
1056 4913 1122 4986 πρὸς
1133 4916 1178 4971 τήν
1190 4912 1264 4986 ἁγίαν
1274 4910 1380 4967 sisaim
1391 4912 1584 4984 ἀπεστείλαμεν,
1595 4914 1657 4986 πιρέ
1664 4917 1714 4967 τῶν
1722 4911 1851 4982 έπομένιιο

1056 5002 1197 5076 Νεστορίφν.

252 5147 266 5176 ·
285 5135 394 5202 Scripta
401 5132 471 5189 circa
484 5134 556 5189 med.
568 5147 632 5187 ann.
648 5130 713 5186 lbi.
1057 5136 1237 5192 sectatoribus
1251 5135 1350 5205 agitur,
1366 5149 1398 5190 ae
1410 5134 1482 5192 eires
1496 5151 1545 5192 eos
1561 5135 1625 5205 qnid
1636 5136 1803 5205 sumendum
1815 5135 1852 5191 sit

250 5203 266 5246 b
285 5202 574 5262 ObseruatCotelcrins
586 5202 744 5257 vocabulum
756 5209 831 5257 testes
843 5202 877 5257 ad
888 5203 1004 5270 litteras,
1056 5206 1212 5261 decernitur
1224 5224 1232 5270 ;
1249 5207 1332 5260 aerbo
1342 5208 1459 5260 misimus
1471 5208 1532 5263 ideo
1547 5209 1639 5270 utitur,
1654 5217 1699 5261 aot
1713 5209 1775 5276 qnia
1787 5221 1851 5261 cett·

218 5293 271 5334 uon
286 5277 319 5331 ad
334 5276 435 5344 legatos
451 5273 642 5336 referendum,
661 5272 783 5342 atleoque
796 5272 890 5329 Graece
904 5295 1006 5350 μοιρπν·
1058 5286 1134 5332 setnr
1147 5279 1173 5329 in
1188 5277 1332 5331 ιέεοεειεεε
1343 5290 1393 5331 suo
1405 5287 1545 5332 successor
1559 5277 1649 5341 ttius,
1672 5283 1718 5330 ant
1731 5279 1794 5345 prtia
1808 5277 1850 5330 lit·

219 5355 314 5426 ροῡντα
328 5346 389 5401 loeo
407 5365 491 5422 μαρτυ
509 5347 601 5400 abans
615 5342 755 5412 legendum
774 5358 857 5399 esse:
879 5344 1008 5410 Qusrnris
1060 5355 1131 5401 teras
1146 5346 1205 5400 illas
1228 5360 1245 5401 e
1265 5348 1398 5402 reticentia
1421 5348 1528 5403 concilii
1554 5346 1580 5401 in
1595 5360 1648 5416 qtae
1671 5348 1728 5416 ipsa
1750 5346 1773 5402 tt
1793 5355 1850 5400 itas

219 5420 289 5471 anim
304 5415 481 5471 ordinationis
520 5413 666 5488 ystitestes
680 5410 885 5482 luerintlegati,
901 5414 1008 5467 stistte
1060 5416 1211 5485 praecipuas
1225 5418 1320 5486 agebat
1331 5426 1421 5487 partes
1432 5417 1593 5474 celestinus
1604 5418 1754 5472 sitiremus
1800 5415 1850 5470 boe

220 5486 456 5542 tnasrcncnuntiare
467 5487 596 5539 voluisset
609 5483 859 5547 iuterpresGrsecus
870 5485 956 5561 μαρτύ
974 5506 1010 5540 us
1062 5485 1154 5555 potius
1168 5486 1311 5556 siguiiient.
1324 5490 1390 5542 tates
1401 5503 1415 5538 a
1426 5501 1457 5541 sc
1470 5487 1503 5542 ad
1514 5487 1641 5557 cyrillum
1654 5486 1757 5541 litteras
1767 5483 1848 5547 mitti,

220 5559 308 5624 patius
326 5570 405 5625 qnam
420 5556 617 5637 μαρτυρούντων
632 5552 712 5609 serbo
736 5569 801 5610 osus
824 5552 928 5609 luisset.
970 5555 1019 5609 ιιι
1060 5557 1155 5625 quales
1179 5571 1226 5611 seu
1246 5571 1359 5626 quarum
1383 5558 1455 5626 paria
1481 5557 1848 5626 etsitnilissaemplasimul

220 5626 372 5684 observatio
385 5628 480 5696 prrnris
495 5642 569 5680 nain.
581 5626 600 5679 δ
612 5624 703 5680 εειένέε
718 5624 852 5679 hrtnatnr.
1059 5628 1182 5682 mittebat
1196 5626 1229 5680 ad
1242 5637 1355 5682 caeteras
1365 5627 1483 5682 Orientis
1495 5628 1653 5696 episcopos,
1670 5638 1784 5697 quorum
1799 5639 1849 5681 aa·

258 5706 270 5736 ν
289 5695 317 5753 Si
334 5694 434 5766 lysias
447 5695 582 5750 Caelestini
600 5693 740 5761 epistolant
755 5692 791 5747 εί
805 5694 848 5749 hic
859 5693 962 5748 irtdirat
974 5696 1010 5748 att
1058 5695 1132 5754 minc
1145 5695 1301 5768 Lampeties
1311 5703 1339 5753 et
1351 5696 1535 5770 llermeaenes
1549 5698 1661 5753 hemam
1675 5705 1816 5754 renerent.

220 5762 376 5839 Epinesiaant
389 5764 516 5835 tpncdunt
529 5763 697 5834 inscriptam,
719 5763 750 5827 iu
765 5778 817 5835 qua
842 5765 877 5820 dc
889 5762 1009 5820 Nestorii
