4009 6184
154 351 221 410 tana
315 311 317 313 ’
689 344 807 404 senno
827 341 870 399 nn
892 341 971 398 ntra
991 340 1021 397 s.
1042 338 1228 400 senonen.
1717 341 1793 397 tato

152 459 197 524 sit,
211 462 257 511 aut
280 455 382 512 loretro
393 453 423 512 in
435 469 489 525 quo
502 461 622 508 sanctum
639 451 706 508 iliud
727 467 827 522 corpus
841 465 936 522 magna
951 453 976 511 Δ
990 450 1100 520 culpare
1113 451 1263 521 judicium:
1282 463 1337 504 non
1350 448 1428 505 luciis
1448 452 1621 506 senseratisl
1637 452 1704 521 quid
1717 456 1786 508 anti·

153 548 213 605 ddei
227 548 373 604 ambitione
397 545 523 601 restitum
546 555 615 612 erut,
632 544 735 613 majore
759 543 941 613 postmodum,
993 539 1099 595 sissetit
1114 540 1187 608 boni,
1201 540 1225 595 si
1239 539 1452 610 rcdinmpratam
1466 540 1542 597 vobis
1554 542 1654 598 bonum
1667 552 1786 602 vaurum

153 639 214 694 dnm
249 636 374 706 sepulcro
401 634 610 700 admoueretur,
638 648 707 703 pcne
726 635 866 689 nudatum.
888 631 942 688 Nec
993 626 1100 686 suimet.

154 730 223 785 enim
247 727 565 798 peporcit·sanctiiicatis
585 726 684 782 amictu
699 741 749 781 suo
765 726 851 793 palliis
864 724 940 791 tides,
1029 722 1113 780 ιιι)
1136 737 1232 794 magea
1258 732 1287 779 st
1312 721 1423 796 inclyta,
1454 723 1600 789 ιιιιιοιιιο,
1623 707 1789 794 tuaqloriai
1814 705 1829 726 ²

156 832 214 888 qnae
235 817 421 886 pretiosissimi
434 818 551 871 muueris
564 816 624 871 loco
636 815 728 872 babuit
741 815 858 885 aliquam
869 825 884 853 ι
897 830 943 869 re·
993 812 1053 868 Nou
1065 813 1174 882 indiguit
1184 814 1309 869 meritant
1325 823 1398 870 ittam
1408 815 1495 886 siquis
1504 816 1626 882 probari;
1639 817 1697 886 ipsa
1710 817 1783 872 enirn

137 909 280 965 ¹lamiuuna
307 908 379 963 libus
404 909 536 964 fimbriam
561 909 740 978 decerpsisse.
770 909 892 964 certum
916 908 944 961 iu
994 905 1478 976 conuersatiotnaplsuarirnnttnos
1494 907 1788 964 etadnsirationisnn-

154 999 286 1070 exsequiis
306 1001 377 1055 illius
393 999 617 1055 restcralieetus.
637 998 780 1054 delectatis
801 1000 826 1053 in
849 999 944 1053 lunera
993 995 1076 1051 riute
1091 997 1231 1064 precelsa,
1244 1005 1402 1067 perpetium
1416 998 1550 1066 quoddam
1576 1000 1683 1070 signnm
1708 998 1787 1056 mini·

153 1107 202 1148 suo
237 1093 364 1147 latentem
399 1091 487 1146 adbuc
513 1092 583 1146 inter
615 1106 664 1146 uos
697 1092 943 1161 peregrinationem
992 1086 1317 1156 stravisttuttaqnidom
1338 1087 1384 1142 tibi
1409 1087 1561 1142 dtrttnunsi
1583 1087 1683 1144 bimaita
1711 1091 1787 1143 ttoni·

68 1199 73 1206 ¹
154 1197 250 1237 meam.
267 1181 385 1236 hostis
398 1196 441 1236 ute
451 1189 506 1235 tatu
521 1181 605 1236 ebuso
618 1181 645 1236 iu
657 1183 744 1250 ipsunt
759 1180 842 1235 animi
856 1180 944 1234 citari·
995 1191 1056 1231 mus
1067 1180 1230 1247 quicunqne
1243 1178 1353 1247 propius
1365 1179 1576 1245 assistebamus3
1599 1180 1688 1236 sedin
1703 1180 1746 1235 itis
1757 1191 1786 1234 tu

154 1281 216 1326 tate.
229 1271 314 1339 men
330 1271 400 1326 eninr
416 1270 464 1325 illo
481 1269 527 1325 die
538 1284 588 1324 sne
611 1278 682 1325 touta
707 1269 871 1325 tatnterunti
891 1270 945 1322 but
994 1266 1133 1321 minimam
1153 1275 1257 1333 partem
1284 1267 1469 1335 computabas,
1488 1269 1628 1336 trinusque
1652 1270 1699 1325 tibi
1720 1284 1788 1339 qau-

153 1376 233 1431 quetn
250 1369 454 1431 ennumquam
480 1359 610 1429 peculiari
634 1360 707 1413 luctu
722 1357 849 1414 obrumm
873 1357 945 1412 basi·
994 1353 1498 1425 mumemtquotlmeritaetnirtutes
1515 1356 1787 1412 tuasClsristusseri·

153 1449 213 1507 licre
228 1452 292 1507 lrnic
304 1454 402 1507 mmnia
417 1450 497 1520 buius
514 1449 587 1505 urbis
599 1447 752 1505 dederont
772 1450 824 1503 Pro
847 1461 944 1518 unoquo
997 1446 1086 1510 beret,
1101 1459 1182 1515 quant
1198 1446 1269 1516 quod
1279 1445 1357 1516 siqua
1370 1446 1494 1504 homines
1505 1455 1640 1502 notarent.
1653 1446 1787 1502 Ettrmen

153 1555 267 1596 munnere
278 1540 399 1594 habitum
406 1551 449 1594 est
458 1539 561 1595 lactinae
573 1537 588 1578 b
601 1553 710 1593 martum
722 1538 887 1604 admouisse,
900 1547 945 1592 aet
995 1538 1069 1609 qnod
1080 1551 1140 1593 este
1152 1537 1240 1606 nanim
1255 1538 1362 1606 signum
1374 1538 1483 1592 virtutis
1500 1544 1600 1605 potest,
1615 1550 1695 1607 quam
1709 1537 1785 1606 siqua

154 1630 288 1684 marinam
302 1629 462 1700 abluente.
476 1628 585 1685 Vidistis
599 1642 653 1684 non
675 1630 735 1685 sine
748 1635 837 1683 uestra
859 1629 945 1698 gloria
995 1630 1088 1700 loqure
1103 1639 1131 1684 et
1144 1629 1281 1684 omnum
1291 1628 1426 1684 virtutesl
1451 1629 1484 1682 Et
1499 1643 1561 1684 vere
1577 1639 1631 1682 tant
1650 1626 1788 1684 familiaris

153 1719 375 1791 gioriotnsuaut:
390 1720 745 1790 namutiilasxsequiarutn
760 1720 865 1790 religio,
882 1718 946 1773 iudei
996 1722 1195 1793 quodammodo
1221 1722 1310 1776 oratio
1334 1729 1377 1775 tua
1406 1720 1507 1778 Christi
1531 1721 1641 1776 auribus
1665 1730 1734 1786 erat,
1759 1731 1791 1776 ut

153 1812 337 1876 dssotioerat,
349 1825 376 1868 et
392 1822 446 1866 tam
460 1815 553 1872 latam
559 1822 619 1869 erat
630 1810 856 1878 babuissetaietn,
867 1825 947 1881 quatu
961 1811 1164 1872 Beninissimis
1178 1811 1301 1890 precibus
1315 1811 1487 1880 impanatum
1498 1820 1589 1881 putent
1605 1826 1640 1867 ue
1659 1813 1788 1868 virtulem

155 1919 237 1974 gmre
253 1906 332 1958 taient
353 1903 782 1973 amisisseliecparumddoeiae
796 1905 946 1974 dntsepul·
998 1914 1070 1960 tnnnr
1080 1902 1523 1974 siqnaclatnarontliabetetpas
1553 1912 1686 1975 martyres
1706 1916 1785 1969 suos;

154 1994 193 2047 cri
209 1995 250 2047 sui
275 1995 378 2064 qratia:
405 2010 466 2049 narn
479 1996 556 2063 cujus
575 1994 619 2051 iric
631 2009 691 2049 ossa
720 1995 902 2061 condidimus,
918 1997 945 2050 in
997 1993 1099 2052 illinisti
1109 1994 1181 2049 euim
1197 2002 1224 2049 tu
1236 2001 1395 2066 puncturas,
1410 1994 1543 2063 quamdiu
1565 1994 1593 2049 in
1603 2008 1719 2062 corpore
1729 2008 1788 2048 tnn-

154 2083 224 2138 cmlo
248 2083 339 2148 utique
367 2083 514 2151 patrocinia
531 2084 729 2153 praesumimus.
753 2082 867 2140 Praelata
883 2097 946 2141 tunc
971 2105 974 2111 ·
997 2094 1123 2153 natones,
1137 2083 1213 2140 testis
1228 2082 1313 2139 inisti.
1327 2083 1395 2138 iilud
1420 2084 1501 2138 etiam
1527 2082 1691 2154 stupendum
1715 2083 1787 2154 quod

155 2182 217 2226 ants
232 2171 359 2227 ieretrmn
376 2173 459 2242 ipsius
478 2181 598 2227 aromata
612 2181 640 2227 et
655 2174 793 2228 incensum
809 2174 944 2239 vidimus;
997 2176 1187 2236 adolescentiae
1201 2185 1254 2231 tuae
1265 2176 1347 2231 robur
1363 2182 1495 2245 perpetuo
1516 2174 1685 2232 abstinentis
1699 2175 1789 2246 rigore

155 2261 202 2315 sed
219 2264 319 2330 majora
333 2261 368 2317 de
383 2262 480 2317 restris
493 2262 630 2318 mentibus
644 2262 726 2330 Deus,
748 2264 775 2319 id
795 2272 871 2319 tanto
882 2279 946 2335 erga
999 2275 1151 2332 tenuatum,
1167 2273 1193 2322 el
1208 2266 1234 2320 in
1250 2264 1323 2320 iiiam
1335 2278 1414 2336 quarn
1433 2264 1558 2332 ⁴vidimus
1568 2271 1703 2332 aspectus,
1726 2264 1789 2319 licet

155 2358 260 2406 nuatum
276 2360 412 2421 pastorem
428 2351 527 2408 adeum
540 2361 641 2421 vestro,
657 2353 835 2410 odoramenta
855 2371 946 2412 susce-
997 2359 1095 2415 decore
1123 2367 1254 2424 serrato,
1276 2357 1423 2418 exilitatem
1445 2355 1584 2413 redactum
1602 2372 1669 2414 cruz
1696 2356 1788 2424 utiquo

156 2444 205 2511 pit.
222 2443 390 2500 Praesultatit
406 2451 431 2498 lu
445 2444 533 2516 glosis
544 2459 591 2500 sua
606 2445 653 2500 ilei
663 2447 759 2516 gloria,
772 2457 800 2503 et
815 2446 841 2503 in
856 2447 945 2503 diseo
997 2450 1151 2524 quotidiana
1165 2448 1333 2518 consumpsit
1348 2464 1354 2501 :
1368 2462 1448 2517 quam
1459 2447 1787 2516 uttrenssmpetsineulla

155 2535 198 2591 nis
214 2536 409 2592 e‹litusrsarnm
430 2536 581 2607 linguarum
600 2537 691 2593 choris
704 2553 781 2594 aanor
798 2552 943 2595 mutunus.
997 2540 1110 2597 notabili
1127 2539 1323 2610 superstitione
1343 2538 1468 2605 serrasti,
1494 2553 1589 2594 amnes
1613 2552 1721 2609 sempor
1745 2537 1788 2592 ni·

449 2648 564 2705 cpppp
585 2648 648 2704 qm⁸
998 2632 1134 2697 mistaten,
1157 2640 1184 2685 st
1199 2637 1344 2698 cognatum
1367 2628 1550 2685 nimietatibus
1570 2629 1662 2698 plurim
1684 2627 1788 2698 lugiens

157 2741 275 2796 Hilarius
286 2756 417 2796 successor
438 2739 579 2807 Honorati,
604 2745 659 2811 eins
683 2743 897 2813 consunqttineus.
911 2772 947 2784 -
998 2723 1155 2791 adventum·
1178 2719 1330 2790 Nimium
1351 2721 1379 2774 3¹¹
1396 2730 1441 2776 ¹1¹⁰
1453 2735 1501 2775 ⁰f⁸
1515 2720 1566 2775 ⁰3⁸¹
1581 2735 1644 2791 ΡΜ,
1660 2719 1711 2774 ”1³¹¹
1727 2733 1787 2774 ⁰²⁸·

298 2810 438 2865 immune
453 2810 604 2865 Houuruttts
617 2812 654 2866 uti
671 2821 803 2883 patronus.
829 2831 838 2852 t
999 2811 1072 2877 titas,
1085 2811 1136 2866 nisi
1151 2810 1248 2879 pietas,
1264 2810 1316 2864 nisi
1330 2808 1458 2864 cbaritas.
1483 2807 1632 2876 Numquam
1657 2810 1684 2863 in
1704 2807 1788 2864 corde

190 2902 238 2960 bd,
253 2902 316 2958 Pina
327 2903 469 2968 dominns,
481 2901 529 2971 qui
541 2902 705 2960 stimulando
717 2902 824 2960 animos
841 2912 949 2962 usuros
998 2902 1052 2957 ιιιιι
1068 2902 1162 2958 borum
1176 2901 1298 2955 omniura
1318 2898 1669 2964 monstruosissimus,
1684 2898 1789 2968 quitlbi

157 2996 193 3052 ud
207 2996 367 3052 electionem
387 2995 526 3064 parvitatis
546 3009 625 3064 meas,
640 2994 716 3051 dedit
739 3011 774 3052 ns
794 2997 947 3068 asepuluro
999 3001 1027 3051 ct
1039 3009 1088 3065 per
1101 3003 1128 3049 te
1145 2993 1270 3062 piurimis
1285 2991 1435 3059 cltarituis,
1451 2989 1550 3061 gaudii,
1562 2989 1648 3060 pacis,
1665 2990 1785 3060 longani-

155 3086 233 3141 illius
246 3087 352 3158 lougius
371 3085 507 3152 abessem
529 3084 597 3141 illud
612 3086 693 3141 etiam
708 3086 785 3143 robis
807 3087 948 3146 omnnem
999 3085 1112 3154 unitatis,
1126 3084 1266 3152 bonitatis,
1276 3081 1459 3153 benignitatis,
1473 3079 1546 3142 ddel.
1562 3080 1709 3147 modestiae,
1721 3093 1787 3136 con-

157 3177 232 3232 dabit
248 3193 283 3233 ue
296 3194 312 3232 a
324 3177 379 3233 aiis
394 3177 454 3248 eins
476 3178 556 3248 longe
569 3173 584 3215 ⁴
598 3177 722 3233 recedam
735 3190 744 3233 ι
759 3177 807 3234 sed
822 3186 852 3234 ut
869 3171 982 3249 quid-C
999 3178 1117 3234 tinemiae
1132 3176 1234 3232 tructus
1247 3174 1418 3240 ministrarit,
1431 3174 1440 3224 i
1455 3171 1639 3244 exuberantes
1658 3173 1683 3225 iu
1694 3171 1785 3226 multi·

157 3270 223 3342 quid
238 3271 313 3326 ilium
337 3271 426 3340 egisse
449 3284 612 3341 cognovero,
627 3269 654 3326 id
676 3271 736 3326 sins
761 3269 949 3341 exploratione
999 3270 1218 3342 plicsmcnpism
1234 3268 1261 3323 in
1282 3267 1429 3323 multorum
1448 3265 1561 3321 niumm
1577 3277 1604 3319 et
1625 3264 1731 3334 gaudia,
1758 3273 1789 3319 ut

156 3362 257 3428 aliqua,
272 3368 319 3418 aut
336 3359 531 3429 disceptatione
553 3361 686 3416 lectorum
708 3374 789 3430 agere
811 3361 947 3417 iestinem.
999 3376 1056 3416 nnn
1069 3360 1205 3416 immerito
1215 3358 1253 3413 ilii
1266 3358 1418 3413 annueris
1432 3373 1440 3410 a
1456 3355 1507 3421 Qui
1520 3355 1608 3409 timent
1622 3362 1656 3420 te,
1670 3352 1788 3410 ridebunt

157 3451 243 3505 Vobis
255 3451 329 3504 enim
341 3466 395 3517 me,
417 3459 447 3504 ut
465 3451 555 3518 video,
567 3451 623 3519 into
644 3460 707 3508 tunc
720 3466 769 3522 per
788 3451 862 3508 illum
877 3453 949 3509 bons
999 3468 1049 3520 nae,
1061 3461 1085 3507 et
1100 3449 1254 3508 lambuntur
1268 3448 1355 3521 (Pani.
1368 3463 1462 3514 ιιιιιι,
1477 3446 1538 3516 ιιις
1565 3448 1608 3502 ιιι
1623 3462 1705 3502 omne
1716 3461 1789 3504 aetn-

117 3603 120 3609 ,
156 3539 261 3608 genuit.
277 3548 289 3576 0
305 3538 612 3610 Vobisliuetindiqnum
629 3543 949 3610 preparatit.iobisille
999 3541 1275 3611 percenserentionis
1286 3549 1340 3593 tuse
1354 3538 1456 3593 bonnm
1466 3537 1635 3607 ascripsisti:
1659 3537 1727 3594 illud
1742 3552 1788 3593 aa·

157 3646 203 3686 ms
218 3631 341 3686 nesciens
355 3638 429 3684 tanto
443 3628 535 3685 labore
549 3630 684 3699 quaesiuit.
701 3630 786 3685 Voltis
809 3641 864 3686 tam
885 3647 948 3701 pru·
999 3629 1076 3702 eidus
1087 3629 1135 3683 tibi
1150 3643 1182 3682 ae
1193 3627 1247 3682 tub
1261 3628 1408 3697 inpetens:
1431 3626 1500 3693 Quid
1523 3627 1592 3681 enitar
1617 3626 1695 3682 babes
1718 3627 1790 3698 qaod

157 3737 243 3792 pensa
258 3720 439 3777 sollicitudine
451 3731 478 3776 et
488 3734 552 3776 cura
568 3729 714 3790 utcumque
727 3719 853 3787 creditit,
875 3735 950 3791 qure-
999 3733 1051 3772 non
1062 3717 1266 3789 mcepiditost,
1282 3715 1449 3787 dooeepiati,
1472 3716 1536 3787 qaid
1556 3716 1688 3788 piorinria,
1714 3719 1791 3784 quasi

158 3828 223 3869 rens
238 3814 264 3866 in
285 3811 413 3877 melidai,
441 3812 513 3867 sicut
529 3811 668 3881 sanguinis
686 3811 728 3866 sui
743 3825 851 3867 venam.
869 3813 949 3869 Vobis
999 3825 1052 3864 non
1064 3809 1190 3880 exuperia
1205 3806 1228 3879 (i
1251 3805 1312 3862 Cor.
1329 3822 1366 3876 tr,
1379 3808 1425 3875 ill
1438 3806 1533 3863 &deo
1543 3809 1627 3878 magis
1638 3816 1713 3864 tuum
1728 3817 1788 3865 erat

158 3920 202 3959 nte
216 3911 292 3958 tanto
313 3904 403 3958 labore
427 3917 476 3973 per
499 3903 621 3970 litteras,
647 3911 722 3959 taum
736 3917 785 3973 per
805 3917 948 3959 excursum
999 3905 1062 3961 ritae
1072 3912 1125 3957 tute
1139 3902 1316 3969 bonumque
1329 3897 1413 3968 magis
1426 3905 1500 3952 tuum
1516 3897 1643 3968 negabas.

158 4011 238 4053 suurn
252 3997 365 4063 anubim,
381 3996 415 4053 ab
425 3996 522 4064 insuia,
539 3997 582 4051 cni
597 4011 640 4052 me
656 3993 665 4033 ¹
687 3996 825 4053 derelictis
844 3997 949 4068 episco·
1037 3997 1083 4052 58.
1094 3994 1122 4050 ln
1134 4000 1160 4050 te
1174 4004 1317 4054 commune
1338 3988 1458 4046 omnium
1480 3989 1620 4046 Dominum
1635 3989 1791 4048 desideran-

160 4100 238 4161 pntus
251 4092 292 4144 sui
308 4090 446 4161 principiis
464 4092 562 4144 sectati
585 4073 679 4145 amore
692 4089 860 4146 reddideram
873 4093 948 4162 (nott
1001 4089 1066 4144 tium
1080 4085 1203 4141 solamen
1213 4078 1300 4138 luit.k
1316 4079 1429 4150 Quidam
1443 4079 1593 4150 gloriantur
1609 4081 1636 4136 itt
1658 4080 1739 4150 buius
1750 4082 1792 4137 ti·

158 4184 245 4236 audeo
255 4180 356 4246 dicere,
371 4179 628 4251 nesciens)lurtasse
639 4181 804 4250 praesciunt
823 4196 950 4237 amovere
1000 4191 1035 4236 ta
1047 4177 1199 4251 prosperum
1214 4186 1243 4232 tu
1258 4190 1274 4231 e
1288 4183 1380 4231 eontra
1393 4174 1420 4229 in
1431 4173 1488 4230 lico
1500 4173 1636 4231 exsultare
1646 4174 1790 4243 suadebas,

158 4274 309 4343 satagebat,
326 4273 363 4327 uti
375 4270 453 4340 iuxta
468 4270 584 4340 sepulcri
597 4271 638 4326 sui
650 4272 741 4327 sedem
755 4272 782 4326 in
798 4287 890 4328 amore
904 4288 949 4330 ac·
1000 4281 1146 4327 resonante
1161 4261 1172 4307 ¹
1189 4265 1315 4321 allectum
1332 4274 1407 4320 tuum
1419 4279 1487 4319 voce
1506 4264 1609 4320 blanda
1632 4265 1792 4321 modulatio·

158 4374 217 4422 stro
230 4362 343 4431 patriam
358 4361 512 4417 collocaret
530 4359 584 4417 Sed
594 4360 658 4430 quid
679 4362 795 4432 agimus,
810 4361 882 4432 quod
898 4364 950 4418 im·
1000 4363 1043 4418 nis
1055 4363 1264 4416 immurmurans
1275 4354 1403 4411 :letetur
1416 4349 1641 4426 conquerentium
1652 4353 1792 4412 nonnam

158 4461 293 4508 maturum
325 4465 369 4505 me
395 4460 501 4505 maturo
528 4463 644 4505 eaeoesu
665 4451 800 4518 tradidit?
826 4452 884 4507 Non
908 4461 950 4512 est
1001 4452 1061 4525 (Pa.
1075 4447 1269 4521 candidulis
1292 4446 1340 4504 tibi
1354 4459 1480 4515 umquam
1496 4445 1792 4515 majorquaminora·

158 4553 281 4600 nostrum
301 4551 434 4598 secretum
458 4541 552 4596 aeterni
575 4541 659 4611 Regis
672 4540 699 4596 in
722 4542 777 4597 nllo
792 4543 833 4597 rel
853 4545 949 4602 leviter
961 4537 989 4598 D
1002 4543 1120 4602 tionibus
1130 4552 1157 4597 et
1168 4537 1454 4612 psalmlsrrolnptas.
1466 4534 1532 4591 Tuis
1556 4535 1584 4591 in
1605 4542 1708 4590 tantum
1736 4548 1794 4591 me·

158 4706 279 4772 ltaitrnlt
296 4703 420 4759 Sanctum
434 4703 500 4756 ittutt
512 4719 605 4769 corpus
626 4717 720 4772 usuque
736 4702 797 4771 fidei
811 4704 949 4759 ambitione
1040 4714 1052 4744 θ
1072 4703 1194 4771 Qualttot·
1215 4706 1361 4767 sequentes
1382 4709 1462 4754 vocet
1478 4694 1548 4751 forts
1588 4709 1618 4750 er
1639 4693 1736 4758 stillula
1764 4695 1791 4749 in

159 4779 278 4832 poenitum
291 4784 347 4835 est,-
364 4775 462 4843 rutttjore
475 4771 527 4839 pide
555 4774 728 4842 postmodum,
745 4773 807 4826 dum
832 4775 949 4845 sepulcro
1001 4769 1140 4846 Qttesnelii
1151 4769 1269 4827 editione
1284 4769 1407 4833 omissas,
1421 4780 1454 4824 ex
1469 4763 1556 4823 aliiae
1576 4765 1621 4821 itis
1636 4774 1736 4824 ctnrss.
1749 4779 1792 4822 re·

158 4848 317 4904 admonetur,
330 4858 393 4913 pene
405 4842 541 4904 rtodntnm.
1002 4845 1147 4901 stituimns.
1801 4905 1803 4908 Ι

196 4925 210 4954 ·
226 4916 341 4979 Salinas,
353 4912 385 4964 de
397 4908 574 4965 uoluminibus.
841 4921 850 4934 ·
1041 4914 1052 4953 ί
1069 4912 1151 4975 boll..
1163 4909 1277 4964 directis.
1293 4905 1432 4972 Queanslil
1448 4904 1591 4968 lectionem
1600 4918 1635 4959 ea
1644 4902 1723 4958 codd.
1735 4901 1791 4958 Lir-

194 4984 258 5039 bltn
275 4999 309 5039 es
324 4980 419 5036 eodeni
433 4980 530 5046 salim,
544 4979 642 5035 melius
655 4994 735 5050 quam
749 4981 820 5052 apud
835 4982 950 5052 Quaen..
1003 4993 1032 5109 Et
1051 4981 1128 5038 Arei.
1155 4979 1236 5036 etiam
1258 4978 1441 5035 salutaacum
1458 4988 1525 5029 mss.
1550 4972 1612 5029 liat.
1635 4972 1704 5044 ileu.
1728 4986 1800 5030 cene-

160 5067 204 5113 nttt
217 5056 359 5110 tonnam.
1025 5061 1103 5108 rmat.

198 5137 210 5168 s
223 5125 252 5180 ln
262 5121 395 5190 exsequiis
407 5118 530 5173 venantii
539 5118 683 5187 lietbertus,
696 5120 811 5188 deerat,
824 5121 911 5178 Graeci
924 5131 952 5179 et
1039 5132 1053 5171 s
1068 5121 1148 5186 boll..
1164 5119 1316 5183 admotam
1331 5113 1417 5180 nuel,
1431 5110 1591 5180 adnunciat,
1604 5113 1702 5170 stin...
1714 5110 1802 5169 colim

162 5196 249 5252 Latini
260 5208 308 5248 sua
319 5192 419 5261 quique
431 5189 520 5258 linqua
532 5191 652 5259 psalmos
665 5193 797 5247 cecinisse
810 5194 952 5248 traduntur
1002 5208 1097 5248 emens

162 5268 189 5325 in
202 5265 253 5320 boc
269 5264 277 5317 i
298 5275 328 5317 su
341 5273 506 5314 sermonen.
520 5258 564 5324 ts,
590 5267 619 5315 et
639 5261 762 5317 similiter
775 5263 803 5316 in
815 5264 952 5332 exsequiis
1040 5260 1055 5300 h
1069 5258 1187 5322 Salinas,
1201 5265 1334 5322 quantum.

161 5336 190 5393 S.
205 5334 297 5389 llilarti
311 5328 477 5385 Arelatensis
495 5338 588 5383 auctor
601 5328 670 5384 Vitae
682 5329 751 5400 ejus,
770 5346 850 5400 quant
871 5347 952 5399 supra
1042 5329 1051 5370 ¹
1068 5328 1174 5385 Salinas
1185 5328 1260 5381 addit
1272 5327 1405 5396 siqnorutn
1418 5323 1511 5394 speeie.
1541 5339 1546 5350 ’

161 5406 304 5467 edidimus,
328 5415 353 5455 c.
377 5398 424 5460 22,
450 5397 585 5467 prodidit:
601 5397 740 5454 Hebraeum
762 5401 953 5455 concinentium
1041 5398 1101 5454 illa
1124 5397 1191 5461 Lim,
1216 5396 1274 5450 bot.
1294 5403 1322 5451 et
1336 5392 1419 5450 Sallu.
1440 5389 1600 5457 Atossam,
1615 5390 1792 5447 enocerotas...

161 5475 199 5531 tn
251 5490 276 5527 m
288 5473 315 5526 in
327 5468 454 5538 maniis
468 5465 625 5521 lentunen
637 5468 743 5525 audisse
756 5487 796 5525 me
810 5471 904 5525 recolo.
1004 5472 1153 5525 mniturnm.

199 5492 302 5614 mpod
313 5541 428 5607 Quesn„
443 5536 532 5591 mitius
542 5548 625 5599 recte.
641 5539 668 5592 ni
681 5540 806 5606 fallimur,
823 5542 951 5595 recedam.
1041 5537 1055 5578 ¹
1070 5538 1122 5592 Sea
1134 5549 1215 5590 roees
1226 5543 1371 5605 sequentes
1385 5530 1524 5588 desiderat
1536 5530 1691 5586 bollandos.

162 5614 216 5671 Sed
227 5626 249 5669 ιι
257 5608 380 5680 quidquid
388 5607 463 5660 iilum
474 5607 555 5675 coisse
564 5611 751 5679 coposuero,id
760 5612 816 5665 aine
825 5610 951 5678 sumpto,
1044 5606 1107 5661 llta
1119 5605 1223 5662 Salinas
1237 5619 1299 5660 cunt
1320 5603 1378 5659 suis
1409 5600 1488 5659 codd.
1515 5600 1629 5669 Quesn„
1654 5597 1792 5668 affectuum
1909 5613 1911 5618 ’

162 5679 423 5750 retrarioneuiiqun,
451 5683 495 5728 not
523 5675 715 5749 disceptatione.
744 5681 866 5739 Aliorum
885 5681 950 5737 edil.
1006 5694 1074 5736 uoce.
1687 5676 1691 5682 ’

164 5755 305 5814 lectionem
317 5747 403 5808 secun
413 5759 516 5803 sumus.
1042 5756 1062 5786 ¹¹¹
1074 5748 1129 5817 lli,
1144 5745 1272 5801 solentne.
