4009 6184
167 277 170 284 ’
212 274 268 336 ιιι
305 302 309 309 ·
722 275 768 333 dli
787 272 903 334 olunt
922 272 952 330 S.
974 271 1137 332 itlicttttttt
1156 274 1343 337 strenuis.
1807 274 1855 336 dii

211 398 367 464 connubio,
385 395 445 454 alne
462 394 518 451 ullo
536 393 673 466 proposito
691 390 877 460 continentie,
893 390 937 447 tal
953 404 1006 445 non
1021 396 1046 451 Α
1060 401 1230 462 perpetrasse
1246 390 1419 447 homicidium
1434 388 1596 455 continetur:
1610 389 1724 446 aiteram
1739 406 1786 458 per
1798 407 1855 452 enm
1962 413 1963 420 ι

170 483 176 491 ·
211 468 335 538 gennerit
348 468 526 537 coniugatus:
541 466 649 537 nuando
662 463 772 536 quidem
791 462 873 518 utinen
892 461 926 516 de
946 464 1006 531 ipsu
1057 461 1103 536 qui
1117 464 1229 532 sperarit
1243 463 1362 518 innume
1376 476 1470 516 rotano
1483 459 1590 516 dirotini
1605 460 1822 530 liedsenuitur:

212 540 317 608 legitur,
332 536 368 593 itt
381 537 469 608 gonrit
482 536 551 606 filios
566 545 590 591 et
602 536 681 607 filins,
694 544 718 587 et
733 538 837 607 suenni
850 547 937 587 eurora
949 533 1004 587 tin
1091 533 1224 605 (vermi
1238 549 1284 603 sen
1307 528 1596 603 ‚intertentationes
1606 535 1856 607 eminentiaque

210 606 620 684 Setinenqentornttadnodreitn
634 611 935 671 recommemorent
949 603 1005 669 eit:
1055 605 1279 675 annonetgettnit
1319 602 1474 659 stimulent.
1487 600 1599 658 tanna
1609 605 1723 673 questio
1733 615 1761 660 et
1769 606 1856 673 dispu-

209 689 290 748 atque
304 679 339 735 itu
362 680 490 749 deinceps
511 692 626 747 quorum
650 674 712 738 anni
736 681 1003 744 commemorantur,
1055 673 1858 748 tationeomn'tumEcclesiaruntventilata,gnodjuttaaup-

208 763 258 808 nee
273 749 341 803 lilios
356 748 479 820 illiasque
497 747 623 817 monisse
642 748 809 803 reticentur:
828 760 861 800 ee
883 759 930 815 per
952 745 1005 801 ltoe
1056 746 1221 817 putationem
1234 745 1391 816 diligentem
1406 759 1493 799 annos
1515 743 1718 811 quantordecim
1738 761 1857 816 scateat

208 827 290 882 notit
312 829 388 888 ptret
400 820 513 875 omnino
528 830 616 874 utrum
634 819 679 888 oui
699 815 854 872 nominator
875 815 1002 887 genitur,
1054 817 1187 874 dilnvium
1198 816 1373 871 llatirnsalem
1384 817 1484 871 titisse
1495 813 1607 880 feratur,
1618 829 1680 871 eunt
1689 831 1771 886 supra
1791 835 1857 873 non·

208 891 267 960 ipse
291 834 372 948 inerit
391 891 595 961 primogenitus.
614 888 700 945 Ιειειε
716 901 781 943 rern
799 887 860 956 nuia
875 886 1004 943 credibile
1054 887 1144 958 geneda
1154 884 1856 960 sexagintanotemannissitdictnstixisse.l2tquo-

207 976 261 1016 non
272 968 315 1028 εειΙ
325 973 417 1029 patres
426 961 487 1016 illos
496 969 575 1024 aettte
589 959 669 1028 longa
684 967 730 1014 aut
741 957 894 1026 impuberes
908 956 1003 1022 inisse,
1056 960 1137 1014 ntodo
1147 972 1240 1013 rerum
1250 965 1303 1021 est,
1315 958 1386 1027 quod
1398 967 1460 1012 octo
1474 965 1578 1012 tantum
1588 956 1687 1013 anime
1696 960 1723 1012 in
1734 975 1795 1014 arca
1806 961 1856 1016 sal·

207 1041 255 1090 ιιι
269 1031 427 1102 conjugibus
440 1032 570 1096 caruisse.
586 1030 628 1086 tel
643 1028 754 1095 ictibus,
770 1043 820 1083 nee
834 1027 895 1083 titos
908 1041 1002 1083 eorum
1054 1043 1097 1084 rae
1107 1027 1186 1083 laetae
1193 1029 1267 1083 sonti
1276 1027 1370 1083 Restat
1379 1037 1478 1098 ergoet
1486 1028 1621 1096 quornodo
1630 1029 1655 1082 itt
1666 1029 1812 1098 plerisque,
1821 1035 1856 1087 ita

207 1102 277 1157 illios
292 1105 393 1173 primos
405 1103 446 1159 eis
460 1113 537 1158 natos
551 1100 636 1157 luisse
650 1099 780 1155 credibile
794 1109 855 1153 est:
874 1099 923 1153 εει
941 1114 1003 1154 enm
1054 1109 1082 1154 et
1091 1100 1119 1155 in
1130 1098 1182 1154 lroe
1193 1099 1228 1154 tit
1239 1113 1317 1155 error
1327 1102 1353 1153 in
1366 1113 1495 1153 numero:
1506 1098 1639 1164 sinuidem
1651 1108 1679 1155 et
1689 1099 1716 1154 in
1726 1099 1854 1165 lichnis,

206 1187 290 1228 saerte
305 1172 423 1242 scriptor
435 1172 554 1228 lristnrite
569 1172 601 1226 ad
616 1179 704 1226 ortum
718 1170 853 1239 vitamque
866 1168 938 1233 Nee,
953 1184 1001 1224 en·
1054 1178 1081 1225 ει
1092 1170 1117 1225 in
1133 1171 1364 1227 Samaritanorum
1381 1171 1456 1224 ltltris
1469 1170 1503 1225 ita
1517 1169 1646 1238 seriptum
1661 1172 1812 1241 reperitur,
1825 1172 1854 1227 Et

207 1243 250 1312 ius
265 1252 386 1312 tempore
399 1243 528 1298 dilnvium
546 1242 644 1298 loetum
667 1250 719 1306 est,
744 1255 793 1311 per
816 1241 1002 1297 successiones
1053 1242 1115 1295 oirit
1128 1240 1302 1297 detinentem
1316 1251 1416 1295 eertum
1431 1240 1560 1309 octoginta
1571 1242 1716 1305 senatoris,
1732 1250 1756 1295 et
1770 1248 1854 1313 gennit

205 1316 408 1382 generationum
430 1312 527 1370 notatis
547 1312 711 1382 temporibus
731 1309 884 1366 intenderet
908 1326 1003 1378 perte·
1053 1309 1182 1376 ιαειεεις
1197 1312 1294 1367 reuisit
1307 1311 1480 1367 detinentem
1493 1319 1629 1383 portqnutrt
1643 1313 1731 1380 gettnit
1743 1310 1852 1368 Lemni

206 1385 275 1452 nire,
290 1400 338 1442 eos
352 1386 443 1454 ntiqtte
457 1384 689 1447 commemorarit,
701 1396 754 1437 non
766 1396 827 1449 qne
840 1380 935 1450 primae
945 1384 1003 1438 suis
1052 1384 1226 1453 septingentos
1240 1384 1370 1453 octoginta
1392 1382 1456 1437 dnos
1477 1397 1580 1446 annon
1601 1391 1626 1435 et
1644 1383 1747 1446 innunt
1769 1400 1854 1440 omnes

207 1457 361 1522 parentibus
374 1454 486 1523 inerint,
497 1456 545 1510 sed
557 1468 618 1523 que
628 1453 655 1508 in
667 1451 867 1576 propasstionis
878 1452 1000 1509 ordinent
1053 1453 1108 1508 dies
1123 1452 1280 1507 detinente
1292 1454 1354 1508 unni
1367 1456 1488 1525 nongenti
1502 1453 1636 1523 trengtttn
1647 1469 1748 1519 norem,
1759 1464 1785 1509 et
1794 1457 1855 1510 nteit

204 1524 581 1598 reuertnnettnnptigtntie,
618 1538 652 1578 tto
666 1533 694 1578 nt
708 1523 736 1577 id
788 1522 938 1592 tripertitis,
952 1523 1001 1578 ali·
1053 1522 1608 1595 anaehenttnmortogintodamnantis,
1628 1531 1652 1579 ει
1691 1526 1763 1578 enuit
1788 1526 1852 1582 ,tte

206 1596 268 1664 qnid
284 1597 464 1672 interponam,
480 1598 551 1652 unde
567 1538 655 1650 ntfflns
669 1594 789 1664 ambigat
803 1593 859 1649 lieri
881 1598 1003 1662 potuisse
1053 1593 1134 1652 ddie
1146 1609 1211 1666 ergo
1225 1595 1372 1651 natiuitatis
1384 1595 1542 1659 llatltusalee
1552 1609 1638 1664 usqne
1649 1541 1766 1649 referem
1778 1607 1854 1652 ortns

203 1666 276 1732 nuod
288 1667 358 1725 dico.
377 1667 547 1751 Ernngelistu
562 1663 702 1723 llattltaeus
723 1666 925 1735 generationem
948 1665 1002 1720 lin-
1052 1663 1127 1731 Noe,
1148 1676 1211 1722 sunt
1229 1666 1293 1722 sorti
1315 1667 1427 1723 trecenti
1442 1664 1582 1735 sexaginta
1598 1679 1705 1719 iterem.
1723 1665 1770 1720 llis
1785 1667 1854 1723 adds

203 1736 309 1793 mitticte
333 1738 528 1794 incarnattonis
549 1752 598 1809 per
618 1739 718 1793 seriem
740 1746 880 1805 potentum
906 1736 999 1792 rolens
1015 1766 1039 1828 Β
1053 1745 1197 1794 sexcentos
1209 1752 1296 1794 annos
1309 1736 1375 1800 Nor.
1391 1734 1454 1804 prtia
1467 1737 1495 1792 itt
1507 1736 1707 1791 sescentesimo
1721 1737 1784 1794 ritae
1797 1741 1853 1807 ejus

202 1807 391 1865 cummendare
415 1810 572 1874 memoriae,
589 1808 720 1869 ,ordinem
741 1823 756 1863 a
773 1815 848 1876 parte
863 1805 998 1863 ibernam
1052 1820 1123 1863 anno
1135 1808 1265 1863 diluvium
1277 1806 1376 1863 laetum
1393 1818 1444 1872 εει,
1461 1817 1541 1878 atque
1554 1806 1590 1862 ita
1604 1804 1645 1872 ιι,
1660 1815 1690 1861 ut
1701 1809 1853 1879 onningen

201 1885 305 1948 niquea
321 1879 403 1935 liarid
416 1881 538 1949 primitus
549 1887 579 1935 ut
588 1877 742 1948 perveniret
752 1876 904 1940 intendens,
917 1878 997 1933 Adre-
1052 1881 1149 1933 tesimo
1159 1880 1329 1949 sexagesimo
1339 1894 1410 1932 nono
1427 1892 1500 1933 enno
1518 1877 1580 1931 rite
1598 1892 1655 1931 sne
1676 1876 1851 1936 detinentem

201 1947 271 2017 itam,
284 1951 382 2028 inquit,
393 1952 480 2022 gennit
492 1947 684 2021 iraucffluttlt.
697 1950 727 2018 t);
738 1958 766 2003 et
777 1962 830 2002 nott
841 1948 879 2001 ait
889 1946 997 2014 ismael,
1051 1960 1175 2004 mortuns
1185 1955 1231 2015 sit,
1245 1965 1278 2004 eo
1290 1951 1392 2005 scilieet
1402 1962 1475 2004 anno
1485 1949 1627 2017 quoetepit
1636 1961 1698 2003 esse
1709 1947 1849 2005 dilnvium.

201 2020 245 2088 qni
266 2024 332 2089 prim
370 2024 459 2078 enitus
478 2022 538 2076 luit.
558 2019 636 2080 lanne
654 2026 740 2074 osteor
757 2019 845 2091 gennit
857 2016 956 2087 incon·
971 2027 1001 2075 ct
1049 2018 1197 2083 Senuitnr:
1214 2021 1286 2076 dixit
1297 2018 1516 2092 progrederer
1538 2018 1660 2073 monins
1672 2019 1726 2072 anit
1746 2018 1812 2074 tide
1829 2032 1851 2075 et

202 2104 254 2146 non
269 2092 336 2147 dixit
363 2093 433 2155 'sen
448 2092 495 2161 nui
509 2092 570 2147 e'ns
584 2091 778 2162 primogenitus
792 2090 851 2155 luit,
866 2089 929 2160 quia
943 2091 997 2145 sei·
1050 2087 1120 2145 sete
1131 2106 1141 2146 .·
1152 2091 1247 2147 Audite
1258 2106 1343 2145 nerem
1352 2107 1446 2159 mento,
1461 2104 1555 2145 nentes
1569 2088 1693 2152 demerit,
1708 2092 1853 2148 amedee

201 2159 265 2216 licet
275 2175 323 2231 per
331 2163 393 2220 illos
402 2165 435 2219 ad
446 2109 533 2219 david
541 2163 683 2233 pertenire
696 2175 748 2216 tton
765 2166 879 2231 poterat.
896 2157 999 2218 lleinde
1048 2175 1191 2217 sermenem
1199 2162 1430 2229 menmrgtmniem
1439 2161 1522 2217 occidi
1530 2161 1645 2214 ttrnmtn
1656 2159 1746 2214 tuton
1756 2178 1851 2226 menn,

199 2231 341 2303 sequitur,
354 2233 436 2290 iorni
449 2244 535 2289 antem
548 2233 637 2307 genuit
649 2229 769 2301 Indum,
791 2231 836 2301 qui
860 2245 915 2285 nott
939 2231 999 2302 ejus
1048 2231 1444 2289 etnuotrnenntnntntttntn
1452 2248 1545 2299 menen,
1554 2227 1853 2301 teptnplnmultiodtii·

201 2303 396 2375 primogeonua
411 2306 469 2360 luit.
484 2304 579 2369 indes,
594 2303 690 2374 inquit,
706 2303 793 2373 genuit
809 2299 930 2357 Pliones:
949 2302 997 2359 εει
1049 2310 1091 2356 tnr
1100 2303 1133 2357 ιε
1141 2303 1257 2365 Cnintde
1267 2302 1377 2358 demerit
1388 2320 1446 2358 nero
1454 2302 1598 2374 septuagies
1607 2301 1711 2373 septies.
1721 2299 1852 2360 iamaiiiti

199 2381 264 2431 unte
277 2374 352 2430 illum
364 2376 420 2446 jam
435 2382 489 2431 tres
503 2384 643 2446 genuerat.
658 2374 725 2428 Eum
746 2371 838 2442 itaque
862 2371 946 2427 tenuit
968 2374 997 2429 in
1048 2377 1197 2430 secundum
1222 2375 1362 2431 instoriam
1386 2375 1486 2431 dictum
1500 2383 1560 2437 est,
1582 2385 1616 2427 eo
1630 2371 1702 2441 quud
1716 2371 1752 2426 ab
1764 2373 1851 2430 Adam

200 2444 299 2500 ordine
309 2446 524 2513 generationum,
541 2461 590 2515 per
602 2459 683 2516 quem
697 2442 732 2498 ad
748 2441 830 2496 liatid
842 2452 923 2512 atque
935 2443 997 2501 inde
1049 2445 1182 2514 usquead
1196 2444 1333 2502 Christum
1346 2446 1515 2516 septuaginta
1538 2452 1642 2512 septem
1659 2446 1852 2513 generationes

199 2527 254 2582 ntro
269 2516 391 2572 tenderet
404 2515 574 2586 perveniret:
590 2530 624 2570 ea
634 2528 690 2587 quo
700 2513 811 2583 intelligi
824 2520 913 2583 potest
925 2527 999 2572 teto.
1049 2513 1232 2580 inveniuntur,
1248 2516 1276 2572 in
1290 2517 1389 2583 onibns
1405 2526 1545 2584 perranum
1559 2513 1687 2577 Lameelt,
1704 2513 1788 2569 idest
1811 2526 1852 2572 to·

200 2596 360 2656 tenueque
372 2586 568 2644 hominesante
580 2586 710 2642 diluvium
724 2598 777 2638 nott
793 2586 996 2655 primogenitos,
1049 2585 1102 2644 tius
1117 2586 1221 2648 mtutdi,
1235 2588 1375 2659 sanguinis
1385 2586 1486 2643 Christi
1505 2584 1636 2641 eilusione
1653 2584 1773 2640 solutum
1789 2597 1851 2642 est:

198 2654 247 2709 sed
261 2669 309 2711 eoa
320 2656 415 2713 luisset
427 2666 653 2714 commemoratos
670 2670 718 2725 per
731 2669 798 2724 nuos
811 2653 879 2709 ordo
900 2670 995 2712 suoue-
1048 2655 1182 2726 siquidem
1196 2666 1224 2713 ει
1238 2657 1266 2713 in
1281 2659 1380 2729 populo
1392 2658 1548 2713 iudeorum
1559 2664 1671 2725 propter
1680 2655 1851 2713 interlectio-

198 2723 319 2782 dentium
333 2727 538 2799 generationum
553 2728 587 2783 ad
602 2727 659 2784 Noe
681 2722 862 2796 patriarchato
883 2725 997 2783 ducere·
1048 2741 1109 2786 nem
1118 2726 1217 2783 Christi
1228 2729 1398 2801 septuaginta
1406 2739 1509 2798 septem
1520 2725 1646 2782 vindicte
1655 2734 1720 2781 sunt
1728 2737 1848 2792 statute,

199 2799 254 2852 tur.
267 2796 302 2853 Et
317 2798 370 2854 lroc
380 2799 538 2856 intendebat
551 2810 646 2856 auctor
660 2796 741 2865 ltujtta
755 2795 912 2856 historiaein
922 2811 997 2854 eom·
1045 2797 1121 2865 insta
1136 2799 1200 2853 illud
1215 2800 1399 2871 inungentem,
1415 2800 1442 2855 ln
1457 2814 1511 2870 qno
1522 2798 1624 2853 dietum
1634 2806 1678 2852 εει
1691 2797 1774 2852 Petro
1784 2814 1849 2867 apo-

202 2869 386 2926 memorandis
405 2869 623 2941 generationibus
637 2884 670 2925 ex
681 2868 766 2923 ddum
778 2882 826 2937 per
836 2864 921 2925 ltium
936 2867 997 2937 ejus
1047 2871 1138 2923 stolo:
1155 2869 1217 2924 Non
1230 2870 1314 2926 retunt
1327 2875 1429 2940 septies,
1444 2869 1492 2926 εει
1503 2869 1578 2924 etiam
1634 2867 1733 2937 tnagies
1743 2872 1848 2937 urties,

198 2935 276 3004 Seth,
292 2950 320 2994 ut
332 2955 381 3009 per
393 2942 455 2997 illas
469 2942 624 3012 perveniret
637 2939 672 2995 atl
686 2938 754 3003 line,
769 2937 819 2992 sub
829 2951 883 3006 ono
894 2936 993 2995 laetum
1046 2938 1070 2993 ri
1085 2940 1239 3007 penituerit,
1255 2942 1333 3013 [ratri
1341 2941 1522 2996 rentittrndnm
1534 2937 1611 3012 (llott
1634 2978 1641 2992 .
1655 2937 1734 3010 arnt)
1747 2939 1848 3004 :idere

198 3009 396 3066 estdilunium.
412 3011 463 3067 Per
482 3012 549 3068 Setlt
571 3022 661 3067 sutem
685 3009 721 3064 ab
744 3008 829 3064 sunm
853 3023 937 3078 usque
960 3010 994 3065 ad
1046 3008 1170 3066 iudaeum
1186 3023 1367 3069 revertentem
1381 3021 1443 3082 post
1456 3013 1625 3080 septuaginta
1639 3022 1745 3080 septem
1762 3011 1850 3066 rtodt-

198 3076 265 3144 Noe,
278 3078 405 3138 denarius
418 3083 569 3138 insinuatur
582 3083 717 3153 legitimus
728 3092 866 3136 numerus.
879 3079 926 3134 Cui
937 3079 994 3137 Nee
1046 3087 1105 3136 etos
1119 3092 1233 3138 statutas
1246 3084 1430 3151 recipiendum
1442 3083 1476 3137 ad
1490 3080 1684 3152 indulgentiam
1698 3079 1811 3136 Christi.

197 3148 361 3220 adliciuntur
378 3164 432 3208 tres
446 3152 503 3222 lllii,
517 3152 588 3209 unde
602 3167 657 3209 uno
670 3152 748 3221 lapso
761 3150 816 3205 duo
829 3145 1033 3211 henoticon-C
1082 3152 1162 3222 (Gap.
1180 3153 1222 3208 vt.
1237 3183 1274 3195 -
1289 3154 1366 3211 ten.
1385 3154 1397 3210 l
1417 3157 1507 3224 seno.)
1531 3151 1588 3207 Noe
1609 3167 1669 3206 nero
1690 3167 1751 3206 cnm
1772 3153 1848 3221 guitt-

198 3226 270 3275 tura
286 3230 371 3291 patre,
387 3233 417 3278 ut
430 3235 534 3279 remoto
545 3224 676 3292 reprobo,
693 3231 721 3278 et
742 3220 863 3292 probatis
881 3219 944 3276 liliis
962 3224 996 3278 ad
1048 3233 1182 3291 uentorum
1195 3234 1258 3279 erret
1271 3242 1409 3292 annorum,
1423 3228 1509 3298 gennit
1523 3223 1593 3287 Sem,
1610 3221 1690 3277 Cinnt
1701 3229 1726 3276 ει
1738 3220 1845 3286 Jepltet.

200 3304 341 3348 numerum
354 3293 465 3361 additis,
480 3293 560 3349 etiam
580 3293 764 3349 duodenarius
783 3304 912 3345 numerus
934 3292 997 3350 inti·
1049 3291 1163 3362 Cnmgne
1176 3297 1310 3368 replerent
1322 3296 1439 3351 domines
1455 3294 1621 3361 nnttintienri
1638 3309 1716 3364 snper
1732 3299 1848 3354 terreat.

199 3370 302 3428 tnetur,
324 3365 370 3433 qui
390 3375 418 3419 et
439 3365 464 3419 itt
487 3366 699 3434 patriarcharum
719 3372 747 3416 ει
766 3362 792 3415 in
809 3361 995 3429 apostolorum
1047 3372 1071 3418 et
1085 3363 1155 3432 filios
1169 3379 1356 3436 praetentarent,
1371 3368 1484 3423 tidenter
1501 3365 1549 3434 fiiri
1566 3364 1612 3418 ttei
1626 3365 1696 3429 ¹dlicta
1713 3363 1848 3418 iornittnat

199 3445 312 3487 numero
326 3435 439 3505 insignis
452 3444 493 3492 εει
508 3445 618 3506 propter
631 3432 778 3505 septenarii
793 3440 894 3502 partes,
909 3434 995 3490 altera
1046 3435 1116 3504 qnod
1133 3447 1213 3490 ment
1227 3437 1360 3509 pnlcirre,
1384 3448 1536 3508 receperunt
1558 3450 1650 3489 risores
1673 3449 1707 3487 ex
1728 3436 1848 3488 otnniiot

199 3515 247 3568 per
260 3503 372 3565 atteram
386 3506 694 3579 multiplicatistneqne
711 3506 782 3559 enittt
802 3503 953 3559 mirandum
972 3508 995 3561 si
1045 3520 1111 3574 gaiu
1129 3506 1267 3576 elegerunt.
1293 3510 1421 3565 linnnnet
1452 3511 1503 3563 ltoc
1524 3507 1622 3561 inloco
1642 3505 1757 3572 stirpem
1780 3503 1847 3558 Cant

197 3573 271 3629 naria
284 3579 434 3646 quantitate
453 3578 654 3634 numerositatis
672 3590 805 3631 annorum
824 3574 995 3645 interposita,
1047 3577 1136 3630 divina
1149 3579 1305 3647 Scriptura,
1322 3580 1385 3636 licet
1409 3579 1508 3644 tacite,
1530 3576 1615 3631 tolttit
1634 3576 1849 3636 demonstrare,

198 3656 246 3712 per
257 3656 310 3702 tatu
322 3647 431 3721 longnm
446 3659 553 3705 aetatem
567 3648 603 3703 ab
616 3647 702 3704 idam
718 3660 802 3716 tneque
816 3646 850 3700 nd
864 3646 995 3703 dilnvium
1048 3646 1250 3716 nocerentur
1265 3650 1455 3721 posterioris.
1468 3647 1563 3719 Cujus,
1579 3646 1629 3702 uisi
1649 3655 1766 3701 terrene
1782 3646 1849 3700 citi-

198 3728 250 3769 non
264 3719 377 3789 equalis
391 3721 495 3778 numeri
507 3721 695 3790 generationes
707 3717 921 3785 ltabuitutraque
932 3733 996 3788 pro-
1047 3716 1129 3780 tatis,
1152 3735 1213 3789 que
1237 3721 1264 3777 io
1288 3722 1347 3791 eJus
1372 3723 1480 3776 nomine
1499 3717 1606 3772 condita
1620 3730 1672 3786 nst,
1686 3715 1734 3784 nni
1746 3717 1849 3772 dicitnr

195 3784 355 3851 reticeret
368 3804 416 3863 per
429 3792 495 3852 Caio
509 3798 624 3859 septem,
639 3804 689 3858 per
703 3787 769 3844 Setlt
782 3794 873 3842 autem
887 3788 992 3844 decem.
1047 3786 1156 3842 Enoelt?
1170 3791 1262 3847 Enoch
1278 3807 1343 3848 rere
1358 3791 1551 3860 interpretaur
1560 3789 1706 3852 dedicatio,
1717 3789 1849 3858 quoniam

196 3856 334 3925 Septimus
345 3868 388 3915 est
402 3863 485 3928 enim,
501 3870 530 3915 ut
541 3862 598 3933 iam
614 3860 682 3922 diai,
697 3859 732 3916 ab
751 3857 836 3912 adam
854 3855 993 3928 Lamech,
1046 3856 1091 3913 ltie
1105 3859 1187 3916 habet
1202 3876 1264 3917 eunt
1277 3879 1356 3935 ouem
1370 3864 1487 3919 intendit
1498 3872 1525 3916 ct
1539 3861 1643 3932 appetit
1657 3859 1751 3914 duem.
1767 3858 1848 3925 Quod

195 3925 316 3985 decimus
339 3929 415 3987 Nee:
439 3942 468 3991 et
489 3931 550 3987 ideo
574 3946 628 3986 non
658 3946 728 3985 nnus
756 3928 827 3984 illius
854 3928 992 3998 Lamech,
1045 3932 1239 3999 veroadjecit:
1257 3931 1291 3988 lit
1305 3935 1373 4002 tillet
1391 3942 1585 4004 procreassent,
1601 3930 1721 3986 ostendit
1743 3930 1849 3983 matlnro

195 3998 266 4054 sicut
289 3999 315 4054 in
338 4002 445 4059 ceteris
468 4002 608 4072 superius,
623 4001 671 4056 εει
685 4002 776 4072 plures
789 4003 994 4058 commemorati
1044 4014 1140 4057 esexn
1155 4001 1273 4060 lemineo
1286 4020 1380 4061 rursns
1406 4010 1564 4060 intentum:
1587 4017 1642 4058 non
1661 4000 1773 4071 quidem
1798 4000 1849 4054 ille

195 4076 278 4135 sunt3
294 4070 357 4140 quia
370 4072 502 4128 incertum
516 4083 576 4127 erat
590 4072 636 4142 qui
648 4071 674 4125 ei
693 4071 782 4127 iuerat
802 4079 910 4126 mortno
931 4086 995 4129 sno-
1045 4072 1190 4144 modoque
1200 4073 1234 4130 nb
1248 4074 1326 4131 initio
1338 4093 1346 4131 ι
1362 4077 1499 4133 nonenim
1513 4076 1672 4143 cujusnnam
1683 4071 1767 4126 etiam
1780 4080 1849 4126 tuae

196 4151 332 4214 ¹cenaturus,
347 4141 371 4196 sl
383 4140 515 4212 emeandi
528 4151 635 4210 tempus
647 4142 717 4197 inter
728 4140 815 4210 ipsum
826 4149 854 4196 ct
863 4141 992 4198 diluvium
1045 4139 1150 4199 intaeta
1164 4144 1283 4203 seducte
1295 4146 1351 4203 tlte
1367 4147 1476 4203 feminee
1491 4151 1682 4217 persuaserunt
1699 4151 1847 4210 pcccstnm

196 4210 381 4272 remansisset.
396 4213 474 4281 Quod
488 4228 550 4270 eunt
566 4211 683 4269 Latueclt
702 4212 833 4281 septimus
851 4209 885 4267 al)
905 4211 992 4269 ddaut
1044 4212 1126 4280 riris;
1141 4216 1423 4288 redeuntiumque
1443 4216 1531 4285 pratis
1551 4215 1671 4271 nitoribus
1689 4213 1800 4269 lucrant
1818 4214 1847 4268 io

197 4276 292 4336 inisset
302 4282 437 4353 inventus,
450 4293 489 4342 tot
500 4284 560 4355 ejtrs
574 4286 743 4340 annumerati
757 4289 817 4336 tunt
833 4280 892 4346 lilii,
906 4282 992 4341 donee
1044 4290 1149 4339 terrena
1165 4288 1284 4353 civitate,
1301 4289 1326 4343 id
1342 4300 1401 4355 est,
1422 4290 1450 4344 itt
1473 4287 1667 4357 terrigenarum
1690 4283 1847 4349 εοεὶειειε,

196 4351 920 4428 undenariusnumeruntnptetetnr,qnortgotttcagn
982 4384 993 4397 ·
1043 4369 1140 4411 rotano
1152 4359 1321 4415 suntadliis
1338 4359 1386 4416 liei
1406 4369 1515 4429 propter
1535 4355 1762 4427 pulchritudinem
1781 4370 1847 4409 ωε.

194 4427 303 4504 eamn,
318 4424 454 4483 adduntur
476 4429 558 4513 etiam
574 4437 630 4482 tres
645 4426 692 4481 tllil
711 4435 811 4507 et'utta
832 4423 897 4478 illia.
916 4369 991 4492 eflig-
1044 4424 1133 4493 poris:
1146 4428 1217 4509 qnod
1232 4429 1405 4512 donumdei
1419 4430 1638 4510 quidemdonum
1649 4437 1703 4492 est,
1716 4425 1765 4480 sed
1779 4441 1847 4493 prti-

195 4494 1845 4638 ltltttdtt⁰ttttl.tlt¹‚⁶tt.tttlllttt.lllttt!1>tlttttt'tltltttl.t:¹¹t.tt..t²tlt¹lnlttttt

195 4648 286 4690 merua
309 4639 434 4761 qnoniam
450 4640 646 4708 transgreditur
664 4637 820 4702 denarium,
839 4646 896 4691 tran
1042 4634 1077 4690 tn
1087 4640 1184 4708 facturn
1198 4652 1235 4696 εει
1249 4653 1384 4713 postquam
1400 4652 1526 4714 reperent
1548 4641 1663 4695 nomines
1686 4637 1763 4691 nutri
1781 4638 1846 4704 lieri

194 4702 300 4768 aionem
324 4709 391 4777 egis,
406 4710 733 4780 acperlteepeeeatum,
755 4705 896 4777 sigttiilcat.
956 4725 989 4763 o·
1040 4720 1239 4780 superterram,
1255 4714 1434 4783 erptienne
1451 4724 1510 4766 runt
1524 4712 1598 4775 iltis,
1619 4711 1730 4765 ridente
1753 4709 1846 4777 unq-di

193 4775 287 4844 genies
300 4791 365 4848 ergo
375 4793 409 4836 ea
424 4778 509 4835 Adam
525 4779 670 4850 pertitio,
693 4779 852 4835 sceleratum
876 4778 989 4835 ltotttiei·
1040 4777 1091 4833 ιιι
1105 4780 1174 4848 filias
1188 4782 1319 4838 nonnum
1332 4785 1392 4854 unio
1407 4786 1480 4837 intre
1492 4792 1562 4850 anot,
1574 4786 1736 4850 sumpserunt
1746 4779 1796 4832 ciii
1810 4794 1847 4831 cs

193 4846 265 4913 dam,
283 4848 430 4907 undenario
443 4865 556 4907 numero
569 4850 670 4917 ltnitur,
685 4864 739 4920 otto
753 4857 890 4917 ρεεεειιιιε
901 4848 989 4921 signi·
1041 4852 1157 4906 onntiiur
1172 4869 1264 4910 areret
1277 4870 1341 4923 gnus
1361 4857 1499 4928 elegerent.
1523 4853 1636 4908 Deserto
1655 4852 1746 4917 itaque
1768 4850 1846 4903 otoo

193 4917 303 4980 licetur:
317 4921 414 4990 etipse
426 4936 555 4977 numerus
565 4922 663 4978 lentina
673 4920 819 4986 clauditur,
830 4937 844 4974 a
857 4934 911 4988 noo
921 4936 989 4980 acan
1041 4935 1149 4991 tnagno,
1163 4933 1191 4979 et
1204 4923 1276 4981 bono
1291 4930 1409 4996 proprio,
1426 4927 1516 4993 lapsus
1530 4933 1573 4978 est
1588 4924 1675 4979 iaetus
1688 4920 1721 4974 ad
1738 4920 1844 4974 leonum

184 4988 298 5045 ‚initium
311 4990 409 5046 iaetunt
421 5001 463 5047 est
474 4993 646 5062 peceati,per
657 4991 833 5063 quodontnet
844 4992 987 5049 morimur.
1043 4991 1195 5062 minimum,
1213 5011 1265 5051 oon
1281 4996 1359 5051 ltunis
1372 4997 1523 5064 proprium,
1539 4995 1587 5052 sed
1605 4993 1683 5048 bottis
1705 4991 1847 5057 pratisque

192 5060 370 5141 Commissum
384 5069 540 5134 natantem,
556 5074 585 5119 nt
604 5071 631 5119 et
651 5064 774 5130 voluntte
795 5065 905 5124 carnis.
928 5078 988 5188 Tru·
1011 5114 1016 5122 ,
1042 5076 1206 5119 commune:
1222 5082 1253 5121 ac
1272 5068 1313 5122 sie
1335 5065 1382 5121 ltlii
1407 5064 1453 5120 liri
1477 5064 1591 5120 diinrnm
1614 5061 1754 5124 pontinum
1775 5069 1850 5140 sunit

192 5129 298 5197 sptrltni
308 5133 462 5198 resisteret,
477 5143 649 5205 sequeretur;
667 5150 728 5188 num
741 5144 767 5190 et
784 5135 842 5203 ipsa
864 5133 916 5187 illie
960 5150 988 5187 a·
1042 5146 1135 5191 amore
1146 5138 1230 5206 capti,
1245 5146 1326 5208 atque
1340 5146 1370 5192 ut
1380 5137 1420 5193 eis
1432 5134 1592 5206 conjngiltus
1615 5134 1793 5195 iruerentor,
1816 5146 1849 5183 tn

192 5200 279 5282 meri,
295 5201 407 5270 Nocma,
420 5202 472 5260 hue
485 5214 529 5261 est
545 5204 667 5272 voluptas
687 5205 897 5275 interpretatur:
917 5205 988 5262 unde
1042 5218 1133 5261 mores
1147 5207 1284 5263 mcietntis
1298 5207 1439 5279 terrigenae
1452 5206 1638 5266 deduxerunt,
1653 5204 1763 5258 deserta
1780 5202 1851 5272 pie·

192 5279 280 5339 potutt
292 5273 348 5328 lieri
364 5284 393 5328 ut
405 5273 513 5330 virente
525 5275 614 5343 adhuc
627 5274 742 5330 Lameelt
759 5284 841 5346 atque
860 5283 987 5344 regnante
1042 5284 1096 5332 tete
1106 5293 1185 5347 ortam
1194 5279 1220 5333 in
1232 5290 1325 5334 saneta
1336 5281 1465 5335 socictate
1476 5277 1635 5333 aervnltunt:
1644 5276 1684 5328 sic
1692 5272 1767 5334 coint
1775 5288 1850 5327 cor·

191 5338 269 5395 lleret
280 5341 423 5416 ddurittm,
438 5354 468 5400 ut
480 5347 568 5415 ipsum
582 5361 644 5401 cum
657 5345 717 5400 tiliis
731 5347 857 5401 omnihus
870 5345 987 5401 homini·
1041 5349 1116 5416 puris
1128 5350 1307 5417 puleitritudo,
1319 5366 1334 5404 a
1346 5351 1400 5405 ileo
1412 5348 1518 5418 quidem
1531 5347 1611 5412 lucta,
1626 5345 1679 5400 εει.
1688 5349 1844 5412 temperate

191 5409 255 5490 lina,
267 5413 388 5484 exeeptis
403 5413 439 5469 iia
449 5416 495 5486 qni
510 5417 536 5471 in
551 5431 612 5472 aren
627 5416 745 5483 inerunt,
759 5432 838 5487 noem
860 5417 988 5487 perderet
1040 5422 1148 5473 carnale
1162 5419 1282 5476 intimum
1299 5423 1409 5474 bouum.
1424 5419 1510 5485 liuius
1526 5417 1605 5487 igitur
1616 5415 1769 5480 eltarnatis,
1784 5412 1843 5492 hoe

192 5481 333 5559 inveniret,
349 5482 471 5553 impleret
493 5501 526 5541 ne
536 5487 604 5542 illud
620 5488 692 5557 quod
711 5487 746 5543 de
765 5490 911 5556 semetipso
928 5489 986 5556 ipse
1038 5498 1090 5553 εει,
1101 5488 1502 5546 dtlectionisetamnrisordine
1512 5488 1678 5556 perturlmto,
1692 5484 1775 5540 [irunt
1789 5487 1843 5532 fili

192 5555 240 5612 ιιι,
257 5501 603 5632 ttecntnnptnpftnnttto
616 5558 728 5627 deditur,
744 5559 776 5611 de
798 5557 907 5612 demerit
927 5574 985 5614 neto
1039 5557 1097 5622 liet.
1114 5560 1140 5614 ld
1152 5570 1202 5626 est,
1219 5563 1265 5622 dlii
1277 5564 1355 5627 Setlt,
1368 5562 1415 5616 lilii
1430 5557 1636 5615 resurrectionis
1648 5558 1843 5626 neglexcrrtnt;

192 5627 334 5687 septuagies
348 5624 448 5703 septies.
461 5626 507 5682 Sic
520 5629 592 5683 enim
607 5629 751 5699 oportebat
766 5628 831 5685 tsns
843 5630 909 5684 dnus
924 5643 985 5696 pro·
1037 5639 1064 5683 et
1080 5629 1148 5685 ttttas
1163 5632 1311 5695 ltominnm,
1328 5632 1354 5687 id
1370 5641 1421 5697 est,
1436 5629 1514 5695 Cain,
1525 5629 1689 5683 dilexerunt.
1707 5626 1789 5680 Certe
1812 5635 1844 5673 rt

192 5698 294 5758 ponere
310 5689 443 5759 elrttutrs,
455 5709 536 5750 unum
551 5699 585 5752 ab
598 5699 732 5756 itomicida
746 5716 831 5771 usqne
845 5700 879 5754 ad
895 5700 983 5754 ltottti·
1037 5699 1076 5754 illi
1092 5702 1138 5770 qui
1153 5712 1230 5757 erent
1246 5703 1292 5757 tttti
1307 5704 1381 5768 sctit,
1398 5711 1426 5756 et
1437 5701 1500 5757 dieti
1518 5710 1578 5753 sunt
1600 5701 1645 5754 lilii
1666 5699 1732 5754 liei.
1753 5695 1842 5747 intem

191 5755 297 5825 cidsttt,
318 5770 381 5813 naut
400 5760 471 5819 ιιειιι
491 5764 608 5825 aneelt
621 5769 725 5827 duabus
740 5771 870 5827 uxoribus
885 5771 940 5826 anis
953 5786 984 5827 so
1036 5772 1100 5827 dicti
1113 5783 1176 5848 aunt
1189 5775 1276 5845 angeli
1294 5774 1361 5830 liei:
1379 5772 1426 5828 lili
1440 5771 1578 5827 dotoinntn
1592 5782 1667 5824 erunt
1686 5782 1732 5838 per
1753 5773 1843 5819 tntu·
