4009 6184
188 346 242 401 sus
852 346 994 402 turssrs
1014 329 1169 403 cessrunt
1779 349 1832 408 ate

189 475 327 532 nnnttptranr
346 461 484 514 Dominum
504 461 643 529 majestatis
665 461 852 530 crucifixissent
867 459 983 532 (ilidii
999 476 1022 529 Α
1038 473 1091 520 tam
1104 465 1191 520 honor
1210 476 1271 533 est,
1287 479 1368 534 qrrnrn
1394 463 1503 534 injustia.
1520 464 1613 537 Neque
1632 468 1704 524 enirn
1730 470 1758 528 itt
1781 439 1837 528 hoc⁴

190 553 230 608 rei
254 554 320 607 iiiori
345 571 353 605 ι
381 551 509 618 Quoniam
535 552 562 603 in
591 551 648 620 ipso
673 551 772 608 natiue
796 537 880 607 amnis
902 553 984 624 pieni-
1035 555 1204 624 ipsatrihuis
1221 555 1536 614 nourtnotesnctntsto
1557 558 1688 614 horrorem
1703 560 1835 618 alitirnts·

188 645 251 697 :rado
274 644 416 698 dioirritatis
437 644 610 715 corporaliter
631 641 868 714 (columnellis
886 662 893 697 ε
912 643 985 700 Unus
1036 648 1082 712 tis,
1096 648 1145 704 setl
1162 664 1267 717 negas:
1282 646 1384 705 Suhtili
1400 650 1502 719 suippe
1516 650 1663 720 impietatis
1675 661 1734 709 arte
1748 654 1835 711 hotto·

188 737 314 794 ltominnr
326 734 403 791 lesus
415 735 546 803 Cirristus,
557 753 603 806 per
609 753 685 808 genn
696 738 783 792 omerio
793 738 817 811 (i
828 737 889 792 Cor.
906 735 984 809 tuti?
1036 740 1150 794 randum
1165 755 1228 795 euru
1242 740 1299 797 Deo
1312 740 1397 805 dicis,
1411 756 1446 796 ne
1469 741 1554 797 Ιιιιιιιι
1573 756 1636 799 esse
1659 742 1835 804 tremuisset

187 837 200 862 ⁸
218 830 258 881 tn
275 829 302 880 in
314 836 391 894 parte
404 828 563 896 sponsatam
582 827 711 895 probans,
732 828 760 880 in
789 838 865 894 parte
891 842 985 897 repra·
1036 832 1090 888 huc
1114 832 1193 901 ipso,
1208 848 1261 896 ouo
1275 832 1376 890 videris
1399 848 1461 888 enm
1476 833 1610 891 laliaeiter
1631 836 1832 912 cotrg'unuissn,

187 917 255 971 hans
266 957 275 978 .
286 917 314 972 ιιι
328 933 362 974 eo
375 927 478 974 tanturn
490 933 554 973 cum
569 918 678 989 recipis,
696 920 724 974 in
742 933 797 989 qun
816 935 865 989 pro
875 919 984 989 dispon-

187 1010 296 1065 entioue
310 1010 448 1066 hominem
458 1012 594 1067 Cirristutn
610 1011 746 1078 uarrtiuat3
764 1012 790 1068 iu
802 1028 836 1068 eo
848 1012 984 1082 repudias,

187 1101 282 1171 troque
309 1102 413 1158 Deurni
434 1103 534 1159 Paulus
553 1105 625 1160 enirn
651 1104 788 1160 homiuem
811 1103 903 1160 iesum
930 1120 983 1158 non

189 1193 348 1261 nega13setl
369 1195 453 1250 Deum
470 1205 560 1251 tanuen
579 1193 706 1251 eumdem
720 1193 858 1249 honrinem
872 1194 984 1250 conlite-

190 1293 234 1339 tur
251 1294 301 1366 :Aet
316 1286 351 1339 im
377 1286 495 1341 hermano
515 1285 609 1357 generi
632 1300 679 1356 per
706 1285 844 1341 itorniuem
863 1301 986 1342 resurre-

188 1378 307 1432 ctionem
331 1378 439 1435 uenisse
453 1378 597 1449 praedicat,
613 1379 682 1433 utin
699 1378 807 1434 iroruine
822 1386 911 1433 tannen
926 1378 985 1450 ipso

188 1465 274 1524 Βιιιιιι
285 1470 470 1526 resurrexisse
480 1470 708 1526 condensissime
719 1469 800 1534 enim,
811 1484 845 1524 au
855 1485 927 1533 meur,
939 1467 984 1537 qui

189 1568 384 1638 resurrexerit,
400 1569 486 1626 Detun
508 1571 651 1640 praedicet,
668 1572 714 1641 gui
734 1586 812 1638 euru,
831 1571 878 1643 qni
897 1571 986 1627 cruri-

189 1661 261 1718 lisus
275 1669 333 1730 est,
345 1661 430 1721 Dauus
446 1664 595 1734 maiestatis
607 1680 668 1721 esse
680 1669 814 1720 testatur?

483 1797 597 1854 curet
618 1798 685 1855 itti.

188 1889 280 1945 Solam
303 1887 440 1961 inrapinem
462 1891 567 1948 deitatis
587 1889 690 1946 Cirrisio
713 1891 828 1944 trihunnt
852 1890 980 1953 noeretiet',

222 1961 331 2027 ideoque
351 1977 412 2015 cnm
432 1962 497 2027 Dea,
518 1964 622 2017 nonnil
644 1963 725 2016 ilentn
748 1963 982 2017 honorandnmas·

221 2041 321 2088 seruul.

221 2125 276 2179 Sod
298 2136 404 2189 tamen.
428 2141 462 2182 nc
483 2125 626 2181 bantinum
650 2128 743 2184 lesum
760 2128 837 2196 nursi
853 2129 982 2186 unumds

186 2213 265 2283 plshe
276 2216 414 2277 crederes.
429 2215 529 2273 dedisti
539 2218 564 2273 ei
577 2218 680 2288 aliquid
695 2218 846 2289 dignitatis,
858 2218 981 2274 tribuens

186 2305 213 2360 ei
229 2305 360 2361 ironorern
375 2316 405 2362 ιιι
417 2316 514 2362 sancta
526 2307 639 2376 tuemini,
656 2324 710 2364 nan
733 2309 903 2365 diviniorem
917 2323 982 2365 reru

187 2395 290 2451 hunrini
313 2410 346 2452 ec
360 2410 427 2452 reru
450 2397 517 2453 heo.
539 2398 609 2466 Quid
632 2400 706 2455 euim
731 2400 823 2458 dicisi
846 2400 984 2458 Formuvit

187 2487 258 2543 Deus
271 2486 438 2544 Dorrnnicatn
453 2489 671 2547 incarnationem
686 2508 693 2546 :
706 2490 720 2531 b
734 2491 852 2548 theotoci
868 2493 982 2551 sormam

188 2581 354 2637 honoremus
368 2596 431 2638 cum
446 2585 521 2652 ileo,
534 2585 606 2642 sicut
624 2600 706 2641 nnarn
725 2585 841 2642 iorrruam
853 2587 982 2654 deitatis,

186 2676 259 2729 sicut
271 2674 369 2732 diuinae
382 2677 531 2735 uoluntatis
544 2679 754 2750 inseparabilem
768 2691 899 2750 statuam,
913 2684 984 2739 sirus

188 2765 334 2838 imaginent
345 2765 455 2825 latentis
464 2768 525 2827 liei.
536 2769 669 2841 Superius
679 2770 827 2843 imaginem
838 2774 886 2830 iiei
894 2774 981 2830 Adam

187 2872 249 2914 esse
271 2858 383 2932 dixisti,
407 2860 453 2918 iric
473 2862 612 2921 Christum
637 2866 784 2937 imaginem
802 2867 890 2924 dicis:
906 2867 982 2925 illurn

187 2959 326 3019 statuam,
347 2963 375 3009 et
389 2953 461 3010 hune
473 2964 601 3012 statuam.
616 2955 670 3014 Sed
684 2960 780 3029 gratim
792 2957 921 3016 uidelicet
933 2959 983 3015 tihi

188 3062 238 3114 gno
253 3046 358 3104 honore
371 3046 418 3105 ilci
431 3049 544 3120 agendas
558 3058 633 3120 sunt,
649 3051 721 3122 quod
734 3051 854 3109 theotoci
867 3051 982 3109 immam

189 3139 377 3199 ironorandatn
398 3156 461 3200 eum
479 3142 774 3207 murmurosorum
800 3144 826 3200 in
854 3159 909 3217 quo
928 3159 982 3200 nau

1037 924 1186 995 disjungas.
1197 923 1266 979 Nam
1280 940 1342 980 cum
1355 926 1448 995 utique
1460 941 1523 982 eum
1535 941 1589 983 non
1603 935 1632 984 ul
1642 929 1726 986 ileum
1740 930 1839 990 cotem

1037 1016 1114 1084 durii,
1129 1016 1175 1072 sed
1190 1020 1266 1087 quasi
1282 1033 1343 1076 cnm
1361 1019 1415 1073 lien
1430 1018 1620 1078 honorantium
1636 1038 1696 1079 esse
1708 1024 1835 1095 blasphe-

1036 1123 1106 1177 ntes,
1119 1109 1180 1164 ideo
1197 1111 1222 1166 ei
1235 1109 1832 1185 tribuisdiuinrericinitatisconjunctionem,

1038 1213 1068 1258 ut
1081 1202 1194 1258 deitatis
1215 1202 1325 1258 anforas
1350 1205 1504 1261 raritatem.
1531 1205 1695 1276 impiissime
1711 1216 1740 1264 et
1758 1209 1836 1268 ettili-¹

1036 1295 1149 1352 dissime
1161 1296 1248 1353 hostis
1262 1296 1321 1364 ilci,
1337 1312 1468 1369 parspere
1477 1298 1517 1354 ris
1528 1299 1618 1356 scelus
1630 1300 1769 1370 ringentis,
1781 1301 1834 1358 suh

1037 1388 1147 1444 numine
1159 1388 1326 1443 coniiteutis.
1339 1388 1521 1453 llunuremus,
1536 1389 1636 1460 inquis,
1652 1390 1833 1448 sieutdtriua

1036 1479 1186 1535 uolrrntntis
1209 1480 1417 1550 inseparabilem
1437 1490 1555 1535 statuam
1567 1521 1575 1546 ,
1588 1480 1661 1540 sieut
1687 1481 1836 1552 imaginem

1036 1568 1147 1625 latentis
1162 1569 1220 1625 Dei.
1243 1568 1364 1626 Proiecit
1377 1570 1503 1626 uidelicet
1516 1569 1589 1642 apud
1602 1587 1663 1639 nos,
1686 1585 1735 1642 per
1746 1576 1834 1630 hene-

1037 1667 1099 1724 ileia
1122 1683 1183 1732 sua,
1208 1667 1296 1724 honor
1318 1668 1456 1723 Crantoris
1476 1682 1508 1723 ac
1533 1666 1723 1738 liedenrptaris
1744 1669 1832 1724 nostri

1038 1760 1145 1818 Donnini
1158 1759 1222 1816 lesu
1235 1758 1391 1818 cluniensi
1407 1759 1469 1816 ideo
1484 1759 1518 1814 nh
1535 1773 1567 1813 ro
1581 1758 1615 1813 de
1628 1768 1732 1815 retorna
1745 1757 1832 1815 inter·

997 1841 1075 1908 Bitu
1094 1851 1229 1924 redempti
1248 1866 1353 1922 sumus,
1369 1860 1398 1906 ut
1411 1849 1621 1917 iiedeurptorem
1638 1859 1761 1906 nostrum
1777 1861 1835 1905 stas

1036 1955 1111 2001 tuam
1126 1944 1299 2000 diceremus:
1322 1941 1407 2014 dignu
1433 1943 1561 1998 uidelicet
1582 1941 1723 2012 obsequio,
1749 1942 1833 2013 digno

1036 2038 1109 2093 cultu
1119 2036 1288 2106 respondere
1299 2035 1460 2106 benignitati
1470 2051 1502 2091 nc
1516 2035 1608 2105 pietati
1620 2036 1693 2092 lilius
1706 2035 1833 2103 nitimur,

1036 2131 1059 2186 ιι
1075 2128 1260 2200 maiestatem,
1272 2144 1352 2200 quam
1369 2129 1416 2185 ilia
1430 2139 1541 2199 propter
1555 2143 1607 2184 nos
1623 2128 1766 2185 humiliare
1776 2143 1833 2187 ιιοιι

1035 2222 1137 2290 renuit,
1150 2237 1203 2278 nos
1215 2223 1297 2279 etiarn
1313 2221 1423 2278 auicrre
1436 2236 1580 2279 eonetnur.

1345 2375 1520 2438 creditit.

1036 2493 1135 2551 Errare
1148 2495 1225 2563 ilios,
1239 2496 1284 2561 oni
1297 2492 1395 2551 Citrirti
1415 2502 1501 2550 ortum
1516 2495 1644 2549 oecultum
1665 2496 1746 2566 tatere
1759 2499 1833 2552 ltre-

1070 2574 1148 2631 sunt,·
1162 2565 1305 2620 cuntett'ant
1318 2565 1475 2638 patriurclnc
1485 2564 1566 2620 incolt
1577 2567 1712 2638 ntntrisestc
1721 2567 1832 2622 deterun-

1070 2645 1167 2691 stratns
1178 2636 1264 2706 inerit.

1070 2773 1123 2831 Sed
1134 2787 1250 2831 excusas
1261 2771 1390 2830 uidelicet
1400 2772 1501 2828 illatam
1511 2772 1833 2834 Dominocontumelism

1034 2864 1135 2921 subditi
1151 2863 1265 2921 honoris
1280 2862 1383 2934 allicio,
1398 2863 1512 2920 dicens:
1533 2872 1671 2938 tamquam
1686 2865 1832 2937 imaginem

1036 2958 1146 3015 latentis
1162 2958 1222 3016 hei.
1238 2956 1346 3038 irrisos,
1365 2955 1439 3028 qnod
1456 2957 1602 3030 imaginem
1615 2957 1694 3026 diois,
1707 2958 1833 3016 ltrrrnanar

1035 3066 1096 3109 errnr
1110 3065 1253 3121 comparas
1267 3049 1430 3106 eruditioni.
1444 3047 1472 3105 ln
1488 3049 1550 3115 hoe,
1564 3048 1638 3120 quod
1648 3049 1757 3105 inieritis
1773 3049 1832 3114 liei.

1035 3143 1195 3200 certissimae
1217 3142 1333 3214 deroges
1347 3138 1483 3212 dignitati.
1505 3138 1604 3198 ehem
1627 3139 1718 3209 enim,
1745 3141 1834 3214 ingruit

732 3255 862 3313 ntitnut
879 3257 996 3316 GhZAEl
1016 3254 1297 3314 consentimus,

226 3354 239 3383 ¹
255 3343 372 3402 nitendo
393 3347 420 3401 in
433 3345 561 3402 Nestoris
577 3361 722 3403 eonrruene
736 3346 925 3404 harerteorun
943 3349 983 3405 in·
997 3349 1021 3413 c
1037 3347 1111 3403 tione
1126 3346 1242 3403 theotoci
1263 3345 1377 3402 immam
1392 3360 1454 3401 caru
1469 3344 1531 3401 heo.
1539 3343 1725 3401 honorandam
1742 3354 1771 3402 et
1785 3347 1833 3402 ad·

188 3417 316 3484 garrium.
337 3428 367 3474 et
388 3418 528 3488 antiquum
550 3417 694 3474 artiiieitrm
719 3419 746 3474 iu
771 3418 983 3486 pervertendis,

190 3490 358 3556 truncandis,
367 3488 437 3544 etati
449 3502 513 3542 suos
521 3501 619 3544 sensus
630 3488 826 3559 detorquendis
836 3488 985 3560 Scripturis

188 3574 405 3628 sapenrtmeroa
425 3558 552 3616 enrrtnns
576 3568 710 3615 notatum.
731 3560 916 3615 'iertnilinnus
936 3561 983 3618 liin.

188 3630 224 3686 de
236 3631 491 3702 Proscriptianilms
513 3630 644 3686 adsersus
668 3630 810 3687 haereticus
825 3647 833 3685 ι
850 3629 983 3697 literanis,

108 3759 116 3775 ⁴
190 3704 277 3772 isnput
298 3699 376 3773 (cop.
393 3704 452 3770 tt),
472 3719 522 3758 tran
534 3702 623 3774 recipit
637 3702 764 3771 quasdam
783 3701 943 3775 Scripturas.
960 3715 985 3759 et

188 3774 211 3827 si
225 3789 288 3838 arum
301 3774 409 3845 recipit.
424 3773 612 3844 adjectionibus
625 3784 649 3829 et
664 3773 866 3828 detractionibus
881 3775 915 3828 ad
930 3775 984 3828 slis·

188 3843 341 3916 positionem
358 3845 468 3899 irretitatti
489 3844 530 3898 sai
543 3844 684 3899 intersertis
703 3860 713 3898 .·
731 3844 791 3899 etsi
812 3844 915 3917 recipit,
931 3861 984 3901 nan

188 3915 279 3980 recipit
303 3916 415 3989 intepras
432 3931 441 3971 .·
456 3925 479 3969 ιι
492 3916 515 3970 ιι
533 3915 696 3986 aliquatenus
717 3915 833 3988 integros
855 3924 982 3986 prestat,

188 3984 356 4041 nihilominus
365 3988 479 4040 diuersas
488 3987 662 4050 repositiones
668 3994 840 4039 commentata
850 3988 981 4042 conuertit.

188 4054 217 4111 S.
239 4054 392 4128 Cyprianus
405 4054 454 4112 tiu.
469 4056 504 4110 de
518 4054 628 4113 Unitate
642 4055 772 4112 Ecclesiae
788 4074 795 4110 :
812 4055 983 4124 corruptores

188 4123 325 4196 Enanpeiii
345 4136 422 4191 atoue
444 4127 592 4198 interpretes
614 4126 676 4197 [aiei
696 4135 808 4180 ealrema
827 4137 938 4195 ponunt,
958 4138 982 4183 et

187 4197 325 4264 superiore
344 4205 516 4269 persisterent,
532 4197 614 4264 partis
637 4213 760 4251 mentores
771 4206 795 4251 et
813 4208 911 4269 partem
922 4199 983 4254 rui·

188 4267 248 4323 daie
260 4270 465 4336 comprimentes.
480 4266 515 4322 iit
527 4267 576 4339 ipsi
589 4268 621 4322 ui
638 4266 753 4323 Ecclesia
766 4267 840 4321 scissi
853 4277 932 4323 sant:
946 4270 983 4330 ita

186 4338 296 4407 capituli
316 4340 394 4395 rtnirts
420 4339 572 4395 sententiam
587 4340 708 4394 scindent
723 4337 805 4404 (vide
819 4338 854 4392 iii
869 4336 984 4395 Pameiii

188 4413 298 4479 natam).
315 4409 345 4466 1).
362 4410 528 4493 Augustinus
543 4408 638 4465 irnresi
649 4409 685 4464 ts
696 4409 800 4465 seilicet
820 4407 982 4466 narniense-

187 4495 248 4536 rum
262 4499 269 4535 ε
285 4478 394 4548 ipsias,
411 4483 517 4550 inquit,
533 4481 592 4534 nani
609 4479 764 4535 Testamenti
780 4480 923 4550 scripturas
945 4481 982 4536 ita

187 4550 285 4620 legunt,
302 4562 341 4613 nt.
353 4553 421 4621 qnod
432 4551 567 4612 noluerint,
578 4551 640 4605 irrale
652 4552 795 4618 accipiant;
805 4550 874 4621 guod
888 4552 980 4619 nolint,

186 4623 317 4691 rejiciant.
333 4621 367 4679 Et
382 4622 479 4678 naerrsi
500 4621 535 4678 ιι)
553 4639 560 4675 z
577 4619 800 4682 Priscillianistoe.
816 4621 919 4686 innuit,
933 4622 981 4680 isac

1037 3418 1175 3473 orandam*
1188 3416 1364 3489 predicabat.
1387 3415 1476 3484 Quare
1502 3416 1599 3472 merito
1613 3416 1713 3488 authigi
1735 3419 1831 3485 possit,

1037 3487 1176 3555 theodori,
1188 3504 1222 3543 an
1237 3487 1382 3543 theodochi
1394 3486 1485 3558 potius
1500 3485 1644 3557 legendum
1658 3487 1711 3541 sit:
1731 3502 1792 3542 nanu
1805 3499 1833 3546 et

1035 3560 1081 3615 ilic
1092 3557 1239 3615 theodochi
1259 3559 1372 3615 turmam
1385 3566 1414 3614 et
1433 3557 1577 3628 imaginent
1592 3556 1700 3612 christo
1716 3553 1832 3628 attingi·

1036 3631 1100 3691 int.
1116 3631 1142 3686 id
1158 3637 1219 3696 est,
1235 3645 1315 3695 nuarn
1336 3631 1459 3699 gerolrnt,
1480 3644 1514 3684 nc
1536 3643 1591 3700 prm
1603 3642 1634 3683 se
1649 3627 1753 3684 letehat
1772 3627 1833 3698 ipse

1035 3701 1161 3757 tlhristus
1182 3700 1305 3775 θιιδιχις
1322 3702 1368 3755 liei
1389 3709 1531 3768 susceptor
1549 3709 1576 3754 et
1596 3699 1697 3769 hospes
1719 3716 1725 3754 :
1754 3702 1833 3771 eujtrs

1035 3770 1107 3826 ileum
1121 3772 1267 3841 inquilinus
1279 3782 1306 3827 et
1321 3771 1497 3834 inhabitator,
1511 3779 1541 3825 ut
1556 3771 1613 3838 ipse
1626 3768 1743 3824 volebat.

1072 3853 1083 3881 ι
1098 3842 1226 3908 annrris
1241 3843 1286 3897 iric
1299 3844 1374 3897 luens
1392 3843 1427 3896 de
1439 3839 1560 3896 secundo
1576 3840 1676 3896 Christi
1696 3840 1831 3908 adventu,

1035 3929 1132 3983 netttpe
1141 3915 1174 3967 ati
1183 3912 1326 3982 judiciuin.
1337 3913 1481 3968 tnnrriieste
1492 3913 1665 3980 intelligatur,
1678 3919 1706 3965 ut
1716 3925 1832 3979 scapten-

1036 3985 1070 4039 tia
1084 3985 1207 4054 ejusdem
1222 3984 1317 4054 psalmi
1332 3983 1442 4048 docent,
1457 3992 1485 4038 et
1495 3981 1589 4037 Patres
1601 3983 1830 4052 interpretantur,

1035 4055 1238 4112 hucturtamen
1249 4055 1283 4111 nd
1295 4055 1409 4125 primunr
1421 4054 1566 4109 adventum
1581 4054 1605 4105 in
1615 4066 1723 4108 rartrem
1733 4053 1831 4121 rriert,

1034 4124 1061 4179 iu
1075 4141 1129 4198 quo
1140 4123 1215 4195 uicit,
1231 4142 1292 4182 eum
1304 4125 1385 4182 etiam
1401 4122 1543 4179 manitesrc
1558 4126 1677 4186 senisse,
1691 4138 1745 4176 nrm
1757 4125 1830 4195 qttod

1035 4206 1098 4251 tunc
1112 4196 1238 4252 omnibus
1253 4197 1412 4260 innotuerit,
1424 4206 1450 4251 et
1467 4193 1653 4249 rnarritestntus
1669 4195 1767 4258 luerit;
1782 4195 1830 4250 sed

1034 4268 1104 4336 qrrod
1119 4267 1314 4323 suiileientihus
1331 4267 1429 4336 signis,
1444 4277 1498 4336 tupi
1513 4280 1529 4317 e
1543 4266 1625 4330 coelo,
1648 4275 1704 4320 turn
1717 4265 1742 4318 iu
1758 4274 1830 4321 terra

1034 4337 1296 4395 etlitisiunutescere
1316 4336 1448 4408 potuerit,
1463 4343 1492 4389 et
1505 4335 1597 4390 miritis
1613 4336 1777 4396 innotuerit.
1797 4352 1831 4393 ao

1035 4409 1163 4477 paulatim
1191 4408 1275 4476 magis
1300 4423 1333 4464 ne
1358 4408 1444 4471 uranie
1471 4406 1637 4461 inclaruerit.
1663 4405 1723 4471 Quo
1746 4406 1832 4473 etiarn

1035 4479 1232 4535 rnadouidetur
1243 4480 1274 4535 ι).
1290 4478 1470 4550 liieronyrnus
1480 4477 1604 4531 erundum
1618 4475 1770 4533 Psnirnistte
1787 4479 1828 4532 io·

1033 4564 1094 4604 eum
1106 4549 1141 4606 de
1155 4550 1242 4620 priruu
1255 4549 1354 4605 Christi
1369 4555 1487 4604 ndteutu
1503 4548 1690 4617 irin-rprrtari‚
1705 4547 1829 4603 scribens

1034 4619 1060 4675 in
1074 4636 1100 4679 c.
1116 4637 1168 4676 xrs
1184 4619 1277 4686 lain,
1299 4620 1344 4676 ubl
1366 4620 1435 4674 alins
1450 4618 1596 4686 Scripturru
1613 4619 1688 4673 tinus
1702 4632 1763 4671 cunr
1780 4634 1829 4671 eu·

185 4694 339 4748 nerstniores
355 4692 515 4754 ilaniciroeis,
530 4691 600 4762 quod
615 4692 680 4746 nilrii
694 4693 881 4759 scripturarum
897 4692 980 4748 Cuna-
994 4724 1021 4784 D
1033 4691 1094 4746 tieru
1108 4691 1223 4755 coniert,
1245 4692 1320 4745 illurn
1334 4691 1486 4760 presertim
1503 4689 1568 4744 tue.
1586 4704 1623 4743 ιιι
1636 4706 1642 4742 :
1660 4686 1751 4772 ignem
1771 4705 1828 4772 rens

185 4764 301 4819 tricorum
327 4765 471 4835 repudiant,
494 4764 571 4818 sinrnl
595 4780 654 4817 cunr
679 4761 847 4833 aprocryphis
870 4763 981 4834 iepenter
1034 4763 1133 4817 nrittere
1143 4764 1169 4817 in
1183 4771 1286 4817 terram.
1299 4770 1322 4815 et
1336 4775 1412 4827 qnam
1423 4759 1482 4815 eolo
1494 4768 1522 4813 ιιι
1532 4759 1640 4813 ardeat!
1650 4760 1706 4829 (ste
1717 4773 1775 4826 ipsc
1788 4775 1829 4815 cr·

185 4836 273 4889 annio
286 4844 310 4889 et
328 4835 354 4888 in
368 4835 519 4889 auctoritate
537 4847 667 4889 srtnrentes
680 4850 689 4888 .·
701 4835 747 4889 sed
767 4835 794 4888 in
812 4849 872 4888 suos
889 4851 979 4890 sensus

182 4907 378 4977 atteporicanrto
392 4914 526 4970 sartemes,
542 4905 666 4974 nnidnnnt
681 4910 707 4960 in
727 4905 821 4959 sanctis
836 4902 908 4958 libris
923 4914 976 4969 ert,

180 4977 253 5046 guod
266 4992 354 5032 earnm
366 4985 461 5030 euertat
474 4991 596 5031 errarem.
610 4977 646 5031 ile
661 4976 817 5031 incendens
835 4973 977 5032 hacreticu-

182 5061 242 5101 rom
257 5047 350 5102 iraurie
363 5047 444 5103 latius
456 5043 565 5102 disserit
581 5047 755 5116 Epiphanius,
768 5046 866 5100 hanes.
882 5045 927 5102 ii.

218 5116 392 5184 tihencurt,
408 5116 434 5172 id
450 5127 502 5180 est,
523 5132 538 5172 a
554 5117 611 5172 Deo
625 5116 723 5187 geniti,
740 5134 754 5169 n
769 5117 901 5179 trireme.
919 5134 971 5174 nan

179 5187 311 5252 ιιιιιιοςε
325 5189 480 5260 deqnurum
496 5188 654 5242 discrimine
666 5188 734 5242 alias
746 5189 848 5258 egimus
863 5187 915 5254 (tu
925 5192 971 5244 tii.

182 5274 273 5328 rcap.
289 5261 305 5313 i
323 5259 442 5329 hupins
465 5258 598 5329 siquidem
619 5257 778 5323 Nestorius,
808 5259 887 5324 cujus
914 5261 972 5315 hnc

179 5339 244 5385 suut
256 5344 302 5385 rer
340 5371 348 5396 ,
364 5330 433 5385 duas
447 5330 473 5383 iu
487 5328 597 5384 Chri-to
608 5330 777 5383 constituens
789 5345 931 5397 personas,
943 5341 973 5386 ct

179 5416 212 5456 es
234 5401 412 5470 mosergnemi
435 5401 504 5454 duros
520 5399 599 5463 iiiios,
613 5399 728 5453 alterum
745 5399 892 5467 lrurninem,
906 5400 971 5457 alte-

178 5485 237 5526 ttttn
262 5469 368 5536 ὓοιιιιις
388 5468 526 5525 hunrinetn
543 5470 617 5525 illurn
631 5469 746 5528 sttlrinde
766 5469 878 5526 ruminat
895 5470 972 5526 tineo·

178 5541 249 5606 toci,
264 5542 361 5608 idest,
376 5542 423 5598 iiiii
444 5541 491 5596 Dei
508 5540 636 5606 larmam,
652 5552 785 5607 statuam,
808 5541 967 5609 imaginem,

178 5613 307 5680 organum
321 5625 349 5666 et
363 5610 406 5665 his
420 5609 530 5672 siuriiia,
546 5621 575 5665 ιιι
588 5626 622 5666 es
647 5611 860 5677 prem-dentibus
874 5612 968 5680 iiurnt,

178 5680 250 5734 tresde
267 5681 356 5734 stetim
381 5680 424 5735 irie
449 5679 586 5746 exponit:
614 5680 758 5752 imaginem
779 5679 826 5736 Dei
845 5681 966 5750 intentis,-

179 5748 305 5815 tptamtis
318 5752 385 5803 niitts
399 5750 523 5804 eutndent
548 5753 629 5806 et'tant
643 5751 783 5823 instiges.
799 5751 826 5806 id
842 5761 902 5816 est,
917 5751 965 5806 tiri

1032 4834 1080 4903 tat)
1096 4835 1140 4904 epti
1161 4834 1195 4889 de
1211 4835 1298 4899 prirno
1313 4832 1429 4888 aduentu
1456 4830 1529 4888 ltnutl
1547 4830 1630 4886 dubie
1653 4829 1823 4898 intelligitur.

1029 4904 1183 4960 curantem
1197 4919 1252 4959 nnn
1275 4904 1400 4959 trmtrihus
1411 4904 1502 4958 statim
1518 4901 1678 4956 trraniiestus
1699 4914 1760 4955 esse
1772 4900 1824 4956 de-

1029 4972 1116 5030 hnerit
1143 4975 1242 5032 Christi
1266 4975 1412 5038 noluemus,
1427 4986 1454 5028 et
1469 4974 1584 5028 iurnrnna
1606 4971 1749 5031 nntiritns.
1768 4980 1826 5027 tres

1027 5045 1145 5103 rationes
1160 5045 1237 5102 nliert
1252 5045 1284 5101 ii.
1301 5046 1420 5101 'iltutuas
1442 5046 1482 5111 (ιιι
1490 5063 1536 5171 p.
1555 5060 1581 5111 q.
1595 5041 1640 5107 sti,
1656 5053 1706 5095 art.
1725 5038 1759 5111 ri:
1776 5040 1826 5096 tn·-

1024 5115 1146 5186 centinnt,
1162 5118 1258 5187 inquit,
1278 5116 1346 5185 aptati
1357 5116 1477 5170 nativitus
1504 5114 1586 5169 'irrisit'
1604 5129 1655 5167 nan
1669 5112 1755 5167 debuit
1769 5129 1826 5169 esse

1023 5189 1191 5244 camntruriter
1211 5188 1328 5242 anrniins
1348 5188 1493 5256 oronitesta.
1513 5186 1602 5240 l’rt‘mo
1623 5184 1737 5254 quidem,
1761 5184 1824 5251 grtia

1024 5273 1069 5326 per
1093 5258 1144 5313 irae
1171 5259 1293 5328 irripeciita
1321 5257 1410 5326 inisset
1440 5256 1556 5311 hunuano
1578 5254 1737 5324 redenrplio,
1765 5269 1824 5323 qum

1022 5344 1067 5396 per
1081 5345 1181 5384 crucem
1195 5333 1254 5400 ejns
1267 5338 1371 5401 peracta
1381 5338 1435 5382 est:
1449 5329 1510 5398 quia
1525 5337 1551 5382 ut
1565 5325 1661 5380 dicitur
1682 5325 1773 5393 prima·
1786 5323 1823 5378 ati

1022 5399 1083 5454 Cor.
1097 5415 1115 5454 ιι
1128 5416 1135 5454 :
1162 5399 1193 5455 Si
1207 5400 1394 5470 copnaoiment,
1415 5415 1555 5470 nnrnquam
1578 5397 1717 5451 Donrinum
1731 5394 1823 5466 glorier

1021 5472 1220 5536 crucifixissent.
1243 5469 1374 5537 serrendo,
1388 5468 1510 5541 quiahoc
1528 5469 1689 5522 diminuisset
1702 5465 1823 5520 meritntts

1021 5540 1093 5609 palei.
1116 5559 1160 5607 per
1169 5557 1246 5611 gerum
1260 5550 1361 5594 uenerat
1375 5541 1489 5595 immines
1506 5538 1665 5612 justificare,
1680 5535 1823 5594 remittam

1020 5611 1089 5665 llind
1104 5613 1278 5667 iiomanornru
1290 5627 1335 5666 ut:
1349 5609 1458 5665 institia
1473 5609 1519 5665 liei
1530 5626 1574 5674 per·
1584 5609 1661 5676 fidem
1670 5606 1734 5662 lesn
1744 5601 1821 5667 Circi·

1020 5684 1062 5736 sti.
1087 5683 1118 5740 Si
1139 5683 1208 5737 enim
1222 5682 1363 5754 rtrunisertis
1379 5681 1483 5737 indiciis
1505 5681 1607 5736 Citrtsto
1630 5687 1748 5733 nascente
1782 5678 1788 5750 f
1807 5693 1821 5740 s

1021 5755 1140 5808 nativitus
1152 5754 1269 5807 onrrrrhns
1280 5763 1424 5821 appareret,
1437 5757 1496 5825 jam
1510 5751 1643 5807 tolleretur
1655 5747 1721 5804 tutio
1735 5747 1755 5814 li
1772 5748 1816 5809 ei,

175 5830 361 5893 susceptorem
380 5826 408 5875 et
427 5818 560 5889 hospitem
574 5823 721 5879 anml'cret
733 5842 740 5878 :
753 5832 781 5877 et
797 5834 909 5888 utraque
924 5837 968 5877 ra·
1017 5839 1077 5879 arose
1090 5833 1126 5879 est
1139 5832 1319 5897 urpumcutron
1333 5840 1382 5878 non
1395 5822 1594 5895 apparentiam,
1609 5828 1637 5874 ut
1656 5819 1750 5873 licitur
1765 5814 1820 5874 iis·
