4009 6184
298 264 351 319 ose
571 284 573 287 -
804 257 850 312 su
866 257 981 313 urum
999 257 1030 315 s.
1051 258 1213 317 uucuumt
1231 260 1415 319 arruuutx.
1593 292 1597 299 ·
1845 273 1884 333 tu
1946 256 1947 333 f

299 393 402 440 reseas,
420 375 541 444 ilupltaiu
551 390 601 443 qua
619 360 661 435 tte,
676 381 699 427 at
713 371 868 435 lmorreos,
881 383 904 427 et
915 371 1087 438 Gbauauteos,
1101 377 1127 436 Α
1141 374 1200 445 eius
1222 375 1404 431 habitaturum
1428 374 1455 429 itt
1479 388 1584 442 memo,
1605 374 1632 430 id
1645 384 1696 441 rat,
1710 375 1840 435 &nectas
1852 397 1884 436 ta·

299 456 323 501 et
337 445 492 517 demessas,
508 456 532 499 et
552 390 829 497 usibusaosueiode
844 450 1034 496 testamentum
1049 442 1089 496 ia·
1140 459 1199 569 pp,
1213 445 1378 514 incertisque
1391 444 1514 510 sedibus,
1527 445 1572 515 qui
1589 445 1725 500 universas
1736 458 1827 521 peotes,
1839 452 1883 519 qui·
1919 488 1922 497 ,

301 525 373 571 ctum
383 517 416 568 ad
427 516 538 577 Abram,
553 522 650 565 tterram
662 510 788 566 Chaaaao
799 513 909 582 proprie
922 512 1087 577 tuanilestat,
1177 514 1339 575 sdesertum
1362 529 1395 570 eu
1419 515 1503 569 latere
1521 512 1652 581 junqitur,
1667 515 1806 584 incursant,
1817 524 1839 574 ei
1849 521 1883 576 iu·

299 599 326 638 et
342 586 461 639 numium
485 587 511 637 in
531 598 562 636 ea
578 582 701 635 undecim
716 594 810 645 peotes
823 597 837 634 a
850 580 960 635 flumine
977 581 1088 654 AEgypti
1140 595 1291 654 pugnantur
1303 585 1338 638 ab
1351 584 1485 638 amnibus.
1501 583 1649 654 Sequitur:

301 670 385 721 usque
407 656 440 706 ad
460 652 558 706 nautea
579 651 890 718 ¹rttthuuutEupbrateu.
912 649 970 705 Neo
993 667 1088 721 etqua
1176 655 1262 722 (Cap.
1283 653 1500 709 iiiii-Vere.
1529 652 1541 705 l
1567 650 1666 726 seqq.)
1684 648 1852 725 Peperitqsed

299 724 410 776 utttuioe
432 737 528 791 utaque
539 719 658 792 AEgyptt.
672 721 723 774 bue
744 729 796 777 est.
811 720 885 780 Nilo:
896 722 944 775 sed
964 735 980 775 a
995 736 1088 788 parto,
1140 722 1249 778 aerata
1263 724 1358 791 filium,
1371 724 1416 794 qui
1436 724 1534 776 uocauit
1546 739 1640 777 uomere
1660 725 1716 793 eius
1734 677 1885 785 leuticia

299 793 343 855 qui
367 793 461 845 diuidit
483 793 552 846 iuter
576 792 720 861 AEaymuut
743 799 771 845 et
793 790 974 856 Palestiuaut,
989 792 1034 848 ubi
1048 804 1090 846 est
1140 794 1275 865 ptuapiata
1298 803 1322 848 et
1344 809 1389 848 seu
1412 808 1541 847 assuerum
1560 801 1637 855 erat,
1658 794 1756 860 quaudo
1776 798 1885 867 peperisti

300 861 393 915 ciuitas
406 861 584 916 Rittocorura.
600 861 751 928 Sequitur:
1140 860 1211 934 Apus
1233 860 1398 917 isotaltelem.
1420 864 1562 933 Priusquam
1586 872 1665 916 statas
1687 869 1728 918 est
1752 861 1846 921 ismabei
1862 883 1885 924 et

335 927 414 1000 (Cap.
437 930 508 986 xii,
521 931 643 985 -t'eas
664 935 674 981 i
698 928 794 1001 seqq.)
816 928 900 1000 lqitur
915 928 1005 991 Sorai,
1025 945 1091 983 atuor
1141 930 1222 1001 Agar,
1243 933 1337 1002 inquo
1361 942 1454 1000 putare
1474 939 1563 999 po-set
1576 933 1675 986 Aluum
1698 933 1819 1000 imptetua
1834 940 1885 1004 quod

300 998 414 1064 Abram,
433 1018 486 1054 stou
507 1008 629 1071 mouerat
648 999 757 1062 liberos,
778 999 822 1051 sed
844 999 940 1052 ltabeos
967 1000 1091 1052 metuam
1141 1003 1301 1068 promissum
1322 1001 1424 1065 irrorat,
1440 1017 1501 1055 cum
1518 1003 1568 1055 sibi
1589 1001 1754 1056 teruaeuium
1772 1019 1837 1058 suuru
1851 1007 1886 1060 ad·

301 1066 465 1140 AEqpptiam,
480 1072 582 1124 uomiue
597 1071 677 1138 bear,
688 1070 754 1122 dicit
767 1069 861 1121 marita
875 1084 933 1131 auo,
949 1066 1017 1122 Ecce
1029 1083 1091 1122 coo·
1141 1072 1384 1139 optareroiuisset,
1398 1072 1577 1134 beodieeute,
1587 1070 1698 1125 Nescitis
1708 1072 1825 1128 eritberct
1835 1084 1884 1136 tau,

301 1140 377 1192 clusit
398 1156 438 1194 tue
462 1137 543 1204 uem,
567 1157 597 1194 ae
615 1155 749 1209 purarum·
764 1139 895 1209 ittpredere
914 1139 947 1192 ud
967 1137 1091 1193 aracillum
1141 1143 1187 1193 sed
1206 1143 1251 1211 qui
1271 1142 1336 1195 raist
1360 1143 1392 1195 de
1412 1150 1446 1207 te,
1470 1139 1516 1194 ille
1530 1143 1579 1194 erit
1598 1143 1680 1194 ltoerrs
1701 1151 1770 1205 tuas:
1786 1142 1829 1197 itte
1842 1159 1887 1213 uqa

302 1224 394 1271 meaos,
408 1212 431 1262 si
445 1211 512 1275 [orte
535 1211 626 1263 saltem
646 1226 678 1263 es
700 1206 749 1262 illa
768 1208 907 1278 suscipiam
921 1207 1000 1276 filios.
1017 1205 1093 1262 Cam·
1142 1216 1302 1291 premissum
1327 1227 1361 1265 ne
1383 1210 1411 1265 iu
1434 1211 1539 1265 ancittae
1560 1210 1614 1264 utto
1645 1218 1749 1279 putaret
1769 1210 1886 1280 impleus,

302 1294 352 1345 que
365 1280 409 1332 ille
423 1280 592 1342 acquiesceret
605 1279 761 1348 deprecaturi,
774 1279 833 1329 tulit
853 1281 922 1346 Aper
935 1276 1091 1347 AEppptiotrt
1139 1294 1195 1347 qam
1214 1296 1275 1335 eraut
1292 1290 1365 1335 esset
1385 1295 1515 1336 asinorum
1531 1281 1675 1348 uortaqima
1692 1296 1779 1335 uorem
1796 1285 1888 1350 apparuit

303 1348 861 1416 aucillaotsaampostartuosdeceotqttottt
881 1347 994 1400 babitare
1009 1363 1092 1413 oupe-
1142 1349 1448 1410 uueusetdtxutttt,
1466 1348 1522 1419 Epa
1542 1349 1610 1404 lleus
1629 1350 1888 1416 autoritatem-autito
1946 1388 1947 1419 ,

304 1427 345 1470 rat
358 1419 385 1471 iu
405 1420 655 1479 terrubbauaua,et
669 1418 739 1475 dedit
756 1433 813 1470 eam
833 1417 887 1469 uiro
905 1433 953 1470 atto
974 1432 1090 1484 uxorem,
1142 1435 1290 1484 cotuutme,
1311 1430 1335 1474 et
1355 1430 1407 1474 erto
1427 1422 1571 1490 perlectum
1590 1435 1733 1489 portamque
1746 1419 1888 1489 ledarum
1946 1434 1947 1493 ζ

304 1488 349 1555 qui
362 1488 494 1555 inpressas
502 1500 538 1543 est
551 1490 585 1541 ad
598 1486 680 1540 illam.
694 1485 1091 1553 Atillucottcepisseseuideas,
1141 1488 1208 1542 iuter
1226 1504 1266 1542 me
1284 1499 1308 1543 et
1327 1498 1366 1552 te,
1386 1498 1411 1543 et
1429 1487 1604 1557 multiplicabo
1630 1498 1654 1542 te
1673 1490 1888 1549 uebemertterttiuis.
1946 1530 1947 1535 κ

304 1556 419 1626 desperit
439 1558 569 1611 dameam
585 1571 669 1611 suam.
681 1556 756 1623 Quod
772 1564 861 1610 autem
877 1558 973 1610 attinet
985 1556 1019 1608 ad
1035 1572 1091 1610 retu
1143 1558 1240 1613 Cecidit
1263 1559 1358 1612 Abram
1380 1575 1477 1628 morus
1493 1558 1522 1611 itt
1545 1558 1637 1626 faciem
1659 1574 1747 1623 suam;
1763 1558 1889 1626 dicitque

304 1638 419 1693 gestaru,
434 1628 506 1681 outto
518 1626 597 1681 modo
607 1636 649 1680 est
660 1626 819 1680 inurendum
829 1625 863 1678 de
879 1623 928 1679 itae
940 1625 1091 1680 coucttbiua
1145 1628 1223 1694 Deus,
1236 1627 1294 1696 Epo
1315 1645 1383 1694 sum,
1405 1638 1430 1683 ct
1445 1640 1547 1697 pactum
1562 1636 1747 1693 assumseram,
1765 1629 1848 1697 erisque
1857 1644 1889 1698 pt·

304 1696 409 1749 crimeu
434 1696 569 1762 Abrabae,
592 1696 652 1764 quia
671 1696 725 1765 jam
752 1695 907 1762 adoptionis
928 1697 1092 1764 cogitatione
1107 1707 1183 1791 13ter
1203 1703 1344 1752 mattarum
1363 1701 1485 1768 peutiaot.
1511 1692 1567 1750 Nec
1595 1697 1664 1750 ultra
1688 1697 1805 1750 uocabitur
1825 1712 1890 1751 msa

305 1765 420 1833 sublata,
435 1782 496 1821 oum
512 1766 546 1821 de
559 1766 649 1835 seipso
663 1779 754 1820 scorteu
773 1772 896 1833 speraret
911 1765 1010 1818 Abram
1028 1782 1034 1816 :
1049 1780 1093 1819 re·
1144 1778 1216 1821 taum
1237 1768 1342 1827 Abram,
1357 1769 1404 1822 sed
1416 1765 1588 1833 appellaberis
1601 1767 1741 1829 Abrabam,
1752 1766 1806 1835 quia
1817 1776 1889 1833 petreis

306 1834 394 1889 suebat
408 1837 539 1891 incertum
555 1845 643 1889 utrum
657 1850 689 1888 es
705 1834 771 1888 Sara
787 1850 821 1887 an
836 1850 867 1887 es
884 1833 936 1887 alia
947 1850 954 1896 ;
967 1834 1037 1901 qaod
1053 1834 1091 1889 ilii
1142 1839 1282 1889 multarum
1302 1844 1417 1905 pcetttum¹
1435 1837 1601 1899 constituite,
1615 1835 1757 1906 sociamque
1773 1845 1794 1889 te
1808 1851 1889 1906 auem

306 1904 378 1957 Deus
391 1906 528 1960 occultare
541 1905 729 1971 valuit,rlouec
746 1919 779 1958 ex
792 1902 887 1957 anciila
906 1915 984 1958 vetus
998 1904 1093 1957 Testa·
1143 1906 1366 1960 ecbertemissime.
1391 1907 1488 1960 [ticuut
1508 1915 1597 1959 autern
1612 1904 1718 1959 iiebrai
1732 1904 1797 1974 quod
1814 1905 1835 1958 io
1852 1920 1886 1956 m·

308 1982 430 2027 tuctttttm
456 1974 625 2043 figuraretur.
649 1974 717 2042 Quid
742 1988 808 2041 erqo
833 1972 927 2027 nsit-um
950 1974 973 2026 si
997 1973 1093 2027 rideas
1144 1976 1216 2030 mirre
1237 1991 1304 2038 tuo,
1324 1973 1402 2029 'Deus
1422 1976 1492 2043 quiid
1514 1974 1583 2041 apud
1604 1974 1667 2027 ilios
1682 1983 1888 2043 tetragrammum

307 2043 427 2098 sterilem
444 2060 556 2099 uxorem
578 2059 610 2096 ae
631 2045 785 2112 cupientem
808 2043 859 2096 sibi
886 2042 997 2109 protem,
1012 2058 1092 2112 quam
1142 2054 1196 2106 est.
1211 2044 1242 2099 lte
1255 2046 1371 2099 litteram
1388 2046 1503 2100 abraba
1518 2057 1545 2098 et
1559 2042 1634 2097 sare
1648 2043 1791 2107 addiderim
1808 2043 1890 2098 dicua-

307 2127 405 2181 parere
418 2112 477 2183 ipsa
497 2129 550 2170 aea
566 2115 663 2184 potuit,
677 2129 712 2168 es
733 2112 831 2166 [uotiua
845 2126 892 2165 sua
906 2124 933 2167 et
948 2127 981 2167 ex
995 2115 1093 2167 uturito
1144 2121 1187 2168 tur
1206 2117 1278 2168 euim
1299 2115 1412 2183 primum
1425 2115 1536 2178 Abram,
1552 2112 1629 2182 quoti¹
1646 2112 1824 2181 iuterpretatur
1835 2123 1889 2181 pater

307 2185 460 2250 provenire,
475 2200 529 2239 nau
549 2199 606 2238 sum
628 2183 768 2251 cupiditati
785 2182 877 2243 cessit,
890 2185 936 2235 sed
958 2181 1093 2250 conjugali
1144 2184 1282 2249 excelsum
1309 2192 1335 2237 et
1361 2196 1453 2250 postea
1477 2196 1586 2237 recatus
1607 2190 1649 2237 est
1672 2183 1818 2248 Abrabam,
1839 2181 1889 2248 quod

307 2254 434 2319 potestati
447 2253 664 2322 obtemperarit?
691 2251 760 2309 Usus
780 2261 823 2305 est
836 2267 867 2305 ea
882 2251 978 2305 suram
993 2254 1027 2304 ad
1047 2266 1095 2320 qe·
1144 2255 1306 2307 transfertur
1331 2262 1406 2322 pater
1428 2254 1573 2307 muitarum
1595 2269 1603 2306 ε
1624 2267 1687 2306 uara
1711 2252 1777 2323 quod
1798 2251 1890 2320 sequiur

308 2322 456 2379 ueruttdam
472 2326 586 2392 prolem,
598 2338 650 2377 aust
662 2322 696 2376 ad
709 2322 868 2388 expleudum
882 2319 1030 2385 libidinem,
1044 2335 1094 2376 stae
1143 2323 1280 2445 peruium,
1304 2338 1357 2377 nou
1372 2322 1485 2378 babetur
1508 2324 1534 2377 ia
1550 2320 1676 2389 stamine,
1700 2321 1747 2377 sed
1759 2321 1889 2375 subauditur.

308 2391 453 2458 insultans,
466 2394 512 2447 sed
533 2393 621 2460 potius
633 2392 781 2456 obedieas;
795 2389 957 2457 eottjugique
971 2406 1027 2443 suas
1038 2404 1096 2444 ute·
1166 2407 1199 2447 ee
1222 2393 1370 2446 rttiraodum
1397 2408 1481 2461 quare
1504 2407 1564 2446 eum
1582 2390 1654 2456 apud
1676 2390 1780 2447 Graecos
1791 2396 1815 2444 et
1826 2403 1892 2453 utet

309 2460 417 2515 rilitatis
434 2462 548 2516 eredidit
562 2476 622 2517 esse
637 2461 771 2523 salarium,
786 2461 807 2513 si
824 2457 969 2513 secuudum
986 2461 1094 2515 aoettta
1144 2461 1233 2516 littera
1248 2463 1368 2517 videatur
1382 2463 1483 2525 addita,
1499 2474 1548 2515 nos
1567 2459 1599 2514 bs
1613 2460 1730 2515 litteram
1751 2458 1890 2513 tumuere·

310 2540 426 2595 uterum,
438 2534 564 2600 quomam
579 2540 675 2585 tratura
698 2546 752 2582 uoo
772 2538 886 2597 pou-rat,
900 2529 1038 2583 saturitate
1054 2529 1093 2582 ta·
1144 2532 1226 2585 uitam
1250 2532 1413 2596 dixerimus3
1431 2531 1530 2586 idioma
1554 2532 1627 2585 uniat
1653 2530 1749 2598 linque
1769 2528 1830 2583 iltius
1847 2536 1890 2587 stt.

309 2609 383 2653 uerat
395 2614 489 2666 summ
503 2614 530 2655 et
544 2599 650 2670 coiere
669 2615 722 2669 quo
742 2600 805 2653 dieit
821 2598 977 2665 Apostolus,
994 2597 1095 2652 Simili·
1145 2615 1193 2669 per
1214 2598 1246 2654 be
1265 2601 1373 2668 opsidem
1396 2600 1526 2664 scribere,
1551 2600 1600 2653 seri
1623 2614 1672 2667 per
1695 2616 1711 2651 a
1733 2601 1827 2667 leque,
1843 2598 1892 2650 situ

310 2676 348 2720 ter
356 2679 381 2721 et
393 2670 431 2723 air
442 2686 494 2724 stou
505 2669 581 2725 babet
610 2669 1095 2744 suicarporispotestatemsedmulisr
1144 2670 1326 2736 econtrario;
1346 2687 1363 2724 a
1385 2669 1503 2725 litteram
1525 2683 1598 2741 sape
1624 2685 1674 2739 per
1694 2670 1726 2724 bs
1744 2666 1891 2739 pronuntiatu

310 2737 332 2805 (i
346 2735 405 2792 Cor.
423 2740 490 2807 riti:
505 2749 626 2795 uteretur
640 2740 674 2793 ad
691 2738 847 2805 pariendum
862 2752 897 2791 ex
912 2742 1007 2802 attera,
1022 2738 1094 2806 quoti
1146 2739 1291 2808 Sequitur:

311 2820 365 2861 stou
380 2817 486 2875 poterat
499 2825 532 2864 es
554 2824 585 2863 se
600 2811 669 2875 ipsa.
683 2809 759 2864 Natta
775 2816 818 2861 est
836 2808 880 2860 bie
893 2806 990 2874 cupido
1013 2808 1095 2861 lasci·
1179 2808 1268 2877 (vers.
1283 2810 1310 2876 i,
1327 2807 1368 2875 8.)
1388 2808 1420 2863 Et
1435 2825 1530 2877 porram
1543 2809 1570 2861 iu
1584 2809 1701 2880 pentibus
1714 2805 1834 2879 reptupi
1844 2814 1892 2859 este

311 2877 372 2938 rias,
386 2879 458 2933 uuila
471 2879 599 2948 nequitie
614 2877 760 2946 turpitudo.
770 2878 809 2929 tu
821 2892 905 2930 usare
915 2891 995 2931 eattsa
1012 2877 1095 2944 prolis
1146 2880 1324 2947 epredieutars
1341 2889 1365 2933 et
1376 2888 1487 2933 statuam
1501 2888 1603 2949 pactum
1615 2878 1683 2932 iuter
1692 2892 1731 2930 me
1743 2887 1766 2930 st
1779 2876 1892 2937 teetister

309 2947 406 3000 anciila
420 2949 517 3002 marito
528 2949 654 3011 traditur,
667 2963 682 3001 a
698 2947 795 3000 tttaritu
807 2960 889 3001 causa
903 2944 987 3014 protis
996 2948 1096 3013 accipi·
1144 2963 1229 3002 museo
1241 2958 1314 3001 tuum
1327 2956 1383 3014 post
1396 2958 1419 3001 te
1432 2948 1459 3000 iu
1472 2946 1679 3018 perieratiottibss
1692 2946 1745 2999 suis
1759 2946 1893 3017 pedereus·

312 3024 355 3069 tur
369 3016 423 3069 :ab
437 3028 551 3082 utroque
561 3034 615 3073 uott
625 3017 704 3087 eulpa
714 3016 804 3083 lusus,
816 3016 864 3070 sed
877 3028 979 3070 staturae
992 3015 1095 3071 iruetua
1149 3019 1260 3084 piteruo,
1277 3027 1305 3071 ut
1320 3020 1369 3072 siut
1386 3014 1455 3071 Deus
1472 3029 1541 3079 tuus,
1559 3026 1583 3071 et
1596 3015 1688 3071 seotiui
1698 3024 1742 3069 tuo
1753 3024 1846 3085 pott·te‚·
1859 3012 1894 3064 lt·

311 3098 343 3139 es
365 3086 468 3141 uiritur.
480 3087 605 3155 Sequitur
621 3104 629 3142 t
1112 3086 1135 3148 C
1151 3087 1230 3154 boqtte
1244 3088 1289 3140 tibi
1303 3097 1327 3140 et
1342 3087 1433 3141 remitti
1447 3094 1490 3139 tua
1506 3094 1563 3156 post
1578 3095 1602 3139 te
1615 3095 1710 3139 terram
1725 3082 1894 3153 perspicatiori

346 3101 439 3224 liert.
455 3154 502 3277 Sp
517 3158 639 3220 utusque
653 3155 732 3211 Sorai
743 3155 778 3208 ad
792 3153 887 3208 Abram
907 3150 1025 3222 :terque
1044 3154 1100 3223 apis
1151 3167 1212 3219 tute,
1224 3172 1324 3209 ootttetu
1339 3166 1432 3210 terrum
1450 3159 1478 3208 itt
1492 3155 1676 3221 possessiouem
1696 3164 1895 3219 uteruatutrtpt

311 3230 463 3276 castratus.
502 3242 534 3296 po
555 3227 615 3280 dedi
636 3226 756 3278 aracillum
778 3240 860 3277 mcum
875 3226 902 3276 iu
916 3225 1001 3277 uuum
1015 3233 1098 3287 tuum,
1150 3225 1332 3280 ileusroruot.
1347 3224 1375 3280 st
1390 3239 1468 3292 quetu
1486 3238 1550 3280 teto
1569 3223 1743 3292 movetquod
1757 3223 1843 3275 dietum
1857 3228 1893 3279 ut.

311 3306 370 3358 quar
382 3292 469 3346 tidem
488 3294 558 3363 quod
571 3295 724 3364 conceperit,
748 3293 876 3375 despectui
893 3309 932 3345 ute
944 3292 1021 3345 babet
1033 3306 1043 3344 .·
1050 3296 1098 3363 ju·
1151 3290 1184 3348 Et
1198 3293 1265 3347 dubo
1278 3295 1324 3349 tibi
1337 3304 1360 3350 et
1374 3294 1464 3348 seutiui
1484 3301 1528 3347 tuo
1541 3305 1597 3361 post
1611 3303 1634 3345 te
1646 3304 1739 3346 mrum
1752 3288 1895 3369 perapsisutt'a

314 3366 381 3415 dicet
395 3360 518 3417 Dominus
541 3365 608 3418 iuter
626 3379 666 3417 tus
679 3372 703 3417 et
724 3371 758 3415 te.
780 3364 827 3417 bui
849 3362 979 3425 respoudit
991 3361 1098 3424 Abram,
1150 3365 1190 3416 uis
1204 3368 1255 3417 tute
1266 3364 1293 3416 iu
1307 3365 1491 3433 possessiouem
1503 3366 1635 3427 uteiuam,
1645 3363 1776 3432 quomodo
1785 3360 1896 3429 scripulu

315 3429 381 3483 Ecce
400 3432 497 3485 auditu
519 3442 563 3487 tea
585 3434 613 3487 iu
635 3448 713 3486 matra
735 3443 780 3486 tua
798 3442 851 3495 est,
865 3440 934 3484 utere
946 3446 976 3483 ea
989 3443 1016 3483 at
1029 3429 1099 3487 libet.
1150 3432 1306 3500 impletura,
1323 3431 1480 3487 siteadbuc
1494 3441 1666 3500 exspuetetur
1681 3430 1895 3504 implendorum!⁴

313 3498 434 3568 Dettique
447 3515 508 3555 erim
524 3503 621 3557 atteiila
635 3501 762 3571 grauida,
782 3500 889 3555 domitta
905 3500 989 3554 sterili
1003 3513 1100 3569 auper-
1150 3506 1287 3570 possessio
1306 3516 1482 3571 qua-cumque
1498 3513 1604 3555 terrena
1616 3510 1718 3555 aeterua
1736 3499 1834 3554 cuilibet
1844 3502 1896 3563 qut

314 3569 393 3632 loiret,
409 3578 436 3624 et
452 3570 504 3625 boe
517 3570 584 3626 Sara
610 3571 734 3626 muliebri
752 3569 905 3638 suspicione
927 3570 987 3624 rito
1012 3569 1100 3639 potius
1149 3585 1211 3627 esse
1231 3587 1284 3626 uou
1298 3573 1383 3640 possit
1402 3587 1411 3625 t
1432 3571 1501 3625 sciat
1513 3578 1645 3625 aternum
1660 3586 1675 3623 a
1691 3571 1785 3624 nasute
1797 3569 1896 3632 iuterpra

313 3641 472 3706 imputaret,
493 3645 574 3695 etiam
596 3641 649 3697 sibi
667 3641 863 3695 demonstrauit
883 3640 983 3695 Abram
1001 3655 1054 3693 stou
1069 3654 1100 3695 su
1152 3643 1213 3706 utri,
1228 3643 1299 3710 quod
1314 3640 1409 3697 Graece
1430 3638 1528 3694 dieitur
1548 3640 1576 3695 in
1592 3640 1705 3695 iiiuruut·
1720 3638 1802 3708 lingua
1814 3636 1896 3712 ribaus

313 3717 460 3763 ornatorum
484 3725 602 3775 sertum,
625 3711 672 3766 sed
696 3711 810 3765 liberum
832 3708 914 3763 tuisse
935 3711 1100 3778 genitorem
1150 3721 1179 3766 et
1200 3721 1246 3765 aut
1269 3726 1323 3766 nou
1346 3711 1426 3764 babet
1440 3710 1533 3773 baem,
1553 3717 1601 3765 aut
1615 3725 1700 3780 usqua
1713 3708 1739 3763 iu
1752 3706 1821 3777 liujus
1830 3704 1897 3759 secti

312 3785 341 3830 et
353 3777 380 3830 iu
396 3780 551 3846 sparsura
566 3779 691 3850 coniugis
706 3780 860 3847 pudicitiam
873 3779 1034 3844 custodisse,
1051 3793 1101 3834 aee
1152 3781 1269 3835 truditur
1283 3781 1375 3836 buum.
1392 3779 1538 3848 Sequitur:

313 3846 478 3903 taiuutateut
494 3864 582 3916 stram,
596 3849 643 3903 sed
665 3849 748 3916 ipsius
760 3851 930 3915 implevisse3
950 3848 1099 3917 accepisse,
1187 3850 1287 3921 (Vere.
1301 3850 1319 3906 9
1331 3847 1428 3918 seqq.)
1449 3848 1521 3903 Diait
1538 3849 1632 3902 iterum
1646 3846 1716 3901 Deus
1734 3846 1768 3899 ad
1787 3840 1894 3902 Auum,

315 3928 366 3970 ttee
390 3920 504 3985 petisse;
526 3920 694 3981 accessisse,
718 3932 769 3972 tteu
790 3917 920 3982 cessissr3
940 3918 1099 3984 semtttssse,
1151 3917 1185 3973 lit
1206 3929 1234 3972 ta
1248 3919 1376 3973 custodies
1390 3925 1493 3987 pactum
1505 3932 1600 3980 meum,
1615 3927 1638 3971 et
1655 3933 1739 3970 umes
1750 3927 1815 3968 tuam
1826 3917 1896 3982 postu

314 3998 364 4039 uec
378 4000 494 4042 uutasse.
511 3990 556 4042 ltit
569 3992 653 4054 euim,
671 3987 737 4042 Ecce
757 3987 851 4043 auciila
875 3998 919 4040 tua
933 3988 960 4040 itt
982 3986 1101 4043 matribus
1150 3991 1178 4043 itt
1197 3988 1399 4057 persecutionibus
1412 3987 1476 4042 suis.
1493 3982 1553 4041 Hoc
1566 3996 1603 4039 est
1616 3997 1720 4056 pactum
1733 3982 1795 4054 quod
1807 3985 1896 4057 abusu·

314 4054 374 4118 rats,
390 4066 461 4110 utere
477 4073 507 4111 eu
522 4068 550 4111 ut
565 4059 635 4110 libet.
653 4055 774 4112 Otirum
793 4057 907 4111 viriliter
923 4066 1043 4111 utetttetu
1058 4055 1099 4112 ie·
1151 4058 1209 4112 bitis
1223 4060 1289 4113 iuter
1301 4073 1342 4113 me
1355 4067 1379 4110 et
1391 4073 1445 4123 tos,
1458 4065 1481 4110 et
1495 4071 1580 4110 semea
1598 4066 1670 4109 tuum
1688 4063 1743 4123 post
1760 4064 1791 4106 te.
1804 4047 1897 4129 Cirrata·

316 4124 407 4187 minis,
422 4125 537 4194 coniage
555 4133 746 4192 temperanter,
760 4124 856 4180 anciila
870 4128 1101 4195 umetttperauter,
1151 4126 1228 4181 detur
1241 4144 1274 4182 eu
1286 4129 1355 4181 uobis
1367 4142 1442 4181 omae
1455 4125 1635 4190 masculinum,
1646 4135 1672 4178 et
1684 4122 1897 4196 circumcidebatu-

314 4191 387 4249 uuiia
404 4194 629 4264 inteotperaoteri
651 4195 797 4259 Sequitur:
1150 4213 1207 4251 rtem
1217 4197 1336 4268 praeputii
1350 4195 1436 4262 uestri,
1451 4203 1479 4250 stt
1492 4196 1525 4248 sit
1537 4194 1565 4248 iu
1581 4196 1684 4264 siparum
1695 4192 1789 4267 [eduis
1799 4189 1840 4243 sei
1851 4194 1896 4263 tritt

349 4260 441 4331 (Vera.
453 4263 488 4329 u,
505 4264 545 4334 7.)
565 4263 697 4336 Afflipeute
717 4264 795 4335 ipitar
815 4279 872 4318 eaut
894 4262 990 4330 Sorai,
1012 4270 1101 4335 [apum
1152 4281 1191 4319 me
1206 4276 1229 4320 et
1242 4282 1296 4321 uos.
1320 4264 1412 4333 lulum
1424 4277 1481 4318 octo
1494 4265 1594 4319 dieram
1605 4260 1828 4317 circumcideretis
1840 4255 1895 4310 adu

314 4330 382 4385 ittiit.
398 4331 511 4404 Cumque
533 4335 667 4389 inuenisset
687 4332 760 4387 illam
779 4335 886 4404 auqeltts
904 4331 1010 4388 Domitii
1022 4337 1102 4405 juata
1153 4335 1235 4390 llmue
1254 4336 1422 4390 maseattuum
1445 4335 1472 4388 itt
1484 4331 1690 4405 permotionibus
1703 4332 1795 4390 curru.
1807 4336 1897 4381 uum·

315 4401 410 4468 sautem
430 4418 503 4468 atae
521 4404 549 4458 iu
570 4403 718 4469 solitudine,
733 4407 777 4478 qui
790 4414 829 4458 est
848 4405 875 4457 iu
897 4405 938 4456 oia
955 4404 983 4458 itt
1001 4409 1100 4458 deserta
1113 4441 1139 4502 ὓ
1152 4408 1260 4459 pacuius
1273 4420 1349 4474 quam
1369 4403 1501 4471 emptitius
1516 4403 1722 4467 circumcidetur,
1740 4410 1763 4457 et
1782 4398 1897 4469 quietim

314 4471 378 4526 Sar.
404 4471 607 4540 Cottsequeuter
626 4472 752 4542 AEqyptia
776 4473 869 4528 iuria
891 4473 955 4537 Sur,
978 4488 1038 4537 qua
1053 4490 1101 4541 per
1152 4490 1205 4529 reru
1226 4475 1303 4545 luerit
1326 4476 1359 4528 de
1378 4477 1569 4540 stupeamus:
1587 4472 1635 4525 erit
1697 4478 1792 4534 metuat
1805 4473 1896 4517 amatu

314 4554 435 4594 eremum
453 4541 527 4596 ducit
548 4541 583 4596 ad
598 4541 755 4612 AEqyptum,
769 4544 809 4597 ire
823 4541 975 4597 lestirsabat.
988 4542 1042 4597 Sur
1056 4545 1101 4600 ubi
1152 4560 1229 4597 carue
1242 4553 1326 4598 uestra
1339 4544 1366 4596 iu
1385 4544 1468 4613 {edus
1480 4550 1615 4595 aeteruum.
1630 4487 1761 4619 mucules
1772 4537 1835 4615 caius
1850 4541 1896 4607 pru·

317 4610 419 4664 iureuit
430 4612 540 4680 augelus
554 4613 678 4665 amittam
692 4612 766 4667 Sarae
780 4617 863 4681 tipus,
879 4611 959 4669 situtn
975 4625 1018 4669 eet
1031 4614 1103 4669 iuter
1151 4615 1216 4683 putii
1229 4629 1289 4667 curo
1301 4628 1353 4666 uuo
1375 4612 1452 4681 [uerit
1472 4610 1634 4675 circumcisa,
1654 4607 1774 4663 delebitur
1785 4614 1855 4681 aurp
1864 4596 1896 4647 ’ΠΙ

315 4678 401 4732 Gades
415 4690 442 4733 et
459 4681 573 4746 uiciate
592 4681 746 4735 extenditur
759 4693 848 4735 auteur
863 4683 1000 4736 desertum
1017 4698 1102 4753 usque
1152 4683 1185 4735 de
1197 4685 1292 4753 populo
1310 4698 1357 4735 suo
1373 4680 1455 4750 :qaia
1469 4688 1574 4750 pactum
1587 4693 1671 4732 meum
1684 4678 1783 4730 irritam
1794 4674 1850 4742 imt-
1859 4663 1895 4720 Ni·

315 4750 348 4800 ad
367 4763 441 4801 utare
455 4749 594 4812 Rubrum,
609 4750 680 4817 quod
695 4752 728 4804 ad
750 4750 858 4820 AEsypti
872 4753 987 4806 toribuia
1003 4767 1100 4821 perte·
1153 4755 1264 4807 laudum
1277 4752 1350 4818 quod
1364 4753 1525 4817 ubicttmque
1538 4750 1563 4802 io
1576 4746 1680 4809 Graeco,
1702 4734 1896 4824 taraucam·

284 4859 288 4881 ,
315 4817 363 4870 uit.
380 4816 464 4871 Porro
479 4818 565 4872 Gades
579 4818 696 4872 solitudo
712 4831 754 4876 est
771 4836 853 4887 saper
873 4822 964 4876 urbem
980 4823 1098 4878 Petram.
1151 4821 1255 4891 pireus.
1281 4821 1308 4876 iu
1331 4820 1462 4875 Hebraico
1486 4832 1611 4873 serotonc
1631 4815 1731 4882 pedm,
1752 4825 1804 4867 stre
1821 4812 1896 4881 partui

286 4936 288 4941 .
314 4886 367 4940 Sed
395 4894 423 4941 et
446 4888 584 4956 Scriptura
614 4894 749 4944 desertum
775 4888 861 4944 Gades
884 4904 977 4947 eontra
1000 4891 1097 4947 taciem
1154 4891 1279 4948 habetur.
1295 4890 1377 4947 biuita
1397 4892 1495 4958 quippe
1513 4887 1839 4957 appellantttrtestameutt
1853 4870 1895 4932 [lde

314 4956 424 5025 &iiiii
438 4957 546 5013 esteodi
563 4969 704 5012 turmurat.
720 4959 867 5027 Sequitur:
1150 4964 1271 5031 exerptis
1293 4961 1346 5017 iliis
1367 4959 1473 5014 duabus
1494 4957 1608 5027 magnis,
1633 4966 1660 5008 et
1680 4963 1770 5008 vetere
1791 4959 1815 5005 et
1831 4954 1895 5002 uuiti

348 5025 439 5093 llere.
456 5027 474 5083 b
489 5030 581 5096 seqq.)
599 5027 720 5096 Dicitque
742 5031 847 5098 uopelas
868 5028 982 5092 Domitii,
1002 5029 1098 5086 Reser-
1150 5033 1220 5099 qoud
1235 5032 1301 5087 iicet
1312 5030 1409 5099 cuique
1423 5029 1536 5096 lepettdo
1550 5038 1720 5094 cognoscere.
1731 5020 1895 5101 Testamenta?

313 5108 365 5148 tere
377 5096 411 5147 ad
425 5097 556 5151 damiatam
570 5107 651 5162 tumn,
666 5107 690 5150 et
704 5096 897 5152 bumiliuresub
913 5116 991 5152 triaue
1006 5101 1098 5170 ipsius.
1150 5113 1239 5155 autem
1264 5096 1481 5167 primumquod
1502 5097 1600 5149 lartum
1618 5101 1660 5149 est
1671 5092 1705 5145 ad
1721 5091 1846 5172 'bututttfl
1858 5091 1895 5145 ΡΗ·

315 5164 506 5233 llultiplicutss.
520 5168 611 5235 iuquit,
628 5167 801 5238 multiplicabo
814 5183 899 5222 semen
914 5176 997 5236 taum,
1011 5180 1035 5223 et
1047 5185 1099 5223 uutt
1152 5184 1235 5232 utura,
1251 5168 1372 5237 proiecto
1386 5166 1450 5221 iliud
1463 5173 1515 5228 est,
1532 5165 1590 5230 Qua
1605 5164 1647 5216 dis
1659 5160 1768 5242 edoctus,
1781 5160 1895 5238 uultu*

313 5236 489 5289 rtuseautsr
503 5252 556 5305 pru
567 5236 740 5291 multitudiue.
756 5236 831 5301 Ecce,
845 5239 937 5304 iuquit,
947 5241 1099 5307 cottoepisti,
1151 5238 1255 5292 riemiai
1275 5236 1364 5309 (Gerr.
1381 5250 1399 5289 u
1410 5232 1432 5305 i.
1447 5234 1601 5289 cumcuim
1624 5231 1666 5285 lex
1678 5229 1818 5284 ettdeauur
1828 5225 1895 5290 putat

312 5312 337 5354 rt
351 5305 437 5367 paries
450 5306 546 5372 plistu,
561 5305 710 5375 vocabisque
728 5322 820 5361 usmeta
839 5310 896 5377 ejus
910 5307 1023 5362 ismahel
1040 5323 1050 5364 r
1068 5324 1099 5364 eo
1151 5308 1212 5363 data
1235 5305 1280 5372 sit,
1296 5314 1324 5361 et
1344 5305 1411 5360 dicit
1433 5302 1589 5372 Apostolus,
1607 5300 1656 5357 uu
1669 5308 1752 5353 uutest
1763 5285 1894 5363 mentiti.

313 5372 383 5439 titud
403 5374 517 5448 saleru
531 5373 604 5430 Deus
622 5376 785 5448 spetiosum
798 5385 881 5433 tuom.
895 5375 949 5431 Hic
963 5378 1013 5432 erit
1029 5382 1099 5446 [erus
1152 5393 1204 5431 aott
1219 5388 1256 5432 est
1277 5374 1453 5447 prururicatio
1466 5372 1559 5444 (iiam
1575 5371 1621 5443 tt)
1634 5381 1704 5448 :quo
1717 5374 1798 5435 pacto.
1810 5354 1895 5429 im

314 5446 407 5509 boreos
423 5458 517 5500 marsus
536 5447 594 5519 ejas
614 5457 703 5502 cuutra
724 5461 824 5512 omum,
840 5456 866 5501 st
879 5462 971 5501 omues
984 5448 1100 5501 omsiuttt
1152 5448 1257 5518 psalmo
1281 5446 1390 5516 legitur,
1411 5458 1506 5499 rerum
1521 5451 1572 5508 est,
1592 5440 1796 5519 Proesaacptpres
1809 5418 1895 5500 [Μ

315 5522 405 5566 cauus
417 5531 485 5581 sust,
502 5524 526 5568 et
540 5533 555 5570 s
572 5517 676 5585 repioss
689 5518 798 5584 fratrum
811 5531 917 5570 samm
932 5517 994 5587 fiqet
1014 5519 1098 5571 taber·
1153 5532 1239 5572 ourues
1251 5527 1395 5589 peccatores
1409 5525 1484 5569 terres
1507 5511 1571 5582 (Pr.
1585 5507 1685 5581 extus)
1699 5522 1749 5589 utut
1762 5501 1816 5582 qula
1827 5502 1895 5576 ‘W

316 5586 418 5636 uacat«.
437 5583 552 5642 isruaitel
568 5585 760 5655 iuterpretatur
773 5585 909 5640 exauditio
924 5586 984 5642 Dei.
999 5584 1100 5643 watra
1154 5588 1220 5657 iugis
1243 5586 1356 5655 aiicujus
1381 5583 1600 5654 prevaricatores
1622 5586 1682 5636 saut
1703 5591 1761 5657 ret,
1773 5587 1812 5654 qut

317 5648 412 5704 uetus
426 5652 540 5710 uarum
553 5667 664 5713 suorum
678 5655 820 5724 babitabit,
834 5654 996 5725 significarit
1006 5671 1100 5714 musea
1154 5661 1233 5728 paeto
1248 5664 1375 5713 teneatur
1389 5654 1529 5711 obstrtetii
1546 5650 1723 5721 Quamobrem
1740 5660 1762 5702 st
1773 5649 1841 5700 etttu
1852 5641 1896 5704 W·
