4009 6184
151 338 222 395 tiss

613 317 850 390 connanrsnn
869 333 903 389 m
921 333 1044 420 aranos
1064 335 1196 394 nacon.
1216 337 1280 396 urs.
1300 338 1345 397 ιι.

1716 349 1782 408 tlte

149 454 265 511 cadaver
285 462 314 504 se
327 448 464 505 bumiliter
487 455 621 516 sternens,
636 449 669 504 ad
682 450 846 520 adaquanda
863 468 936 507 mor·
952 457 976 513 Α
991 461 1065 519 snm,
1077 454 1199 522 recipere
1212 457 1355 512 sanitatem
1370 457 1481 517 omnino
1495 475 1548 516 non
1564 473 1687 532 possunt.
1704 465 1782 523 Uada

151 527 190 579 tui
214 520 335 578 menbra
355 535 384 574 se
402 521 530 585 collegit,
559 523 618 592 quia
647 537 705 573 cunr
728 523 754 573 in
777 522 860 588 [orma
890 523 937 576 lter·

148 603 225 657 esset,
241 606 292 644 aaa
302 591 421 658 rapinam
433 593 572 645 arbitratus
583 600 619 644 est
630 606 720 643 essese
732 593 855 658 aqualem
874 592 935 658 beo,

149 665 195 719 sed
211 660 375 729 semetipsum
392 660 539 726 manniae,
562 664 672 732 [ormam
685 661 750 713 serui
760 662 897 732 accipiens,
911 664 938 715 ia

148 731 343 789 similitudinem
362 730 493 783 bominum
512 732 613 800 (maus,
637 736 660 782 et
675 728 762 783 babitu
782 731 937 787 inaestuant

148 804 225 857 bento
247 798 330 871 (etit.
345 800 387 869 tr).
406 799 462 855 lluc
485 801 601 867 illucque
616 799 816 867 deambulabat,
832 803 893 869 qnia
909 811 937 856 et

147 873 243 928 ludam
256 868 331 938 justa
355 879 381 923 et
403 869 482 942 longe
502 873 602 939 positas
623 877 716 938 gentes
735 879 823 922 vocat.
849 869 936 937 Super

148 952 284 997 manuum
301 940 403 1008 septies
422 938 543 1009 inspirat,
567 938 629 1008 quia
653 952 701 1004 per
714 940 880 1006 apertionem
892 941 936 994 di·

147 1015 202 1067 sini
224 1009 340 1064 numinis
354 1006 440 1077 gratia
466 1009 630 1077 septiformis
644 1006 762 1075 Spiritus
787 1010 814 1062 in
832 1011 935 1078 peccati

146 1094 235 1137 morte
255 1081 407 1150 jacentibus
427 1080 540 1150 aspirat;
556 1092 672 1146 moxque
696 1078 791 1132 vivens
806 1081 933 1147 agitatur,

147 1155 211 1219 qnia
221 1153 243 1204 is
255 1165 333 1220 quem
347 1149 458 1203 terroris
471 1150 545 1217 rirga
559 1148 690 1203 suscitare
705 1163 758 1202 non
773 1150 868 1218 potuit,
885 1163 935 1220 per

148 1220 379 1283 arnorisspiritnm
394 1219 501 1286 puorad
515 1221 595 1273 ritam
607 1218 696 1271 rediit.

183 1289 242 1347 XX.
264 1289 304 1344 De
328 1287 447 1342 Naaman
462 1289 561 1359 alepra
579 1285 715 1340 rnundato.
729 1284 762 1340 lt
778 1285 842 1356 lleq.
856 1302 882 1340 v.
898 1314 935 1329 -

147 1361 206 1414 ianr
228 1374 299 1414 nnnc
321 1357 431 1411 lrlstoria
453 1357 571 1412 Naaman
589 1356 648 1426 Syri
671 1356 856 1426 prosequenda
880 1366 932 1411 est.

147 1430 278 1495 Superius
297 1426 464 1482 ostendimus
485 1429 610 1484 Elisreum
631 1438 723 1496 typum
738 1425 865 1480 babuisse
877 1426 933 1481 Do·

148 1503 212 1556 mini
223 1499 377 1569 Salratpris.
394 1496 514 1551 Naaman
525 1513 582 1551 nero
593 1496 711 1565 minuens
723 1495 822 1548 militia
836 1495 930 1566 Syriis,

147 1577 191 1634 qun
205 1573 321 1638 leprosus
335 1568 428 1637 suerat,
443 1577 471 1622 et
485 1576 646 1637 suggerente
667 1565 765 1618 ancilla
776 1564 811 1618 ab
824 1564 932 1620 bostran

990 524 1042 577 nisi
1058 527 1090 576 ad
1105 528 1258 593 exemplum
1273 527 1401 592 Nnanran,
1420 530 1566 586 bumannnr
1592 549 1676 602 genus
1690 542 1781 592 corasi-

989 592 1054 647 lium
1071 594 1159 648 Elismi
1172 597 1304 659 audisset,
1319 597 1345 651 id
1361 609 1412 664 cst,
1430 615 1477 669 per
1489 601 1588 656 Christi
1603 607 1715 672 gratiam
1730 611 1780 659 ‹ln-

987 678 1051 716 nnm
1067 664 1236 731 baptismatis
1256 667 1395 722 lannriliter
1420 672 1588 738 excepisset,
1605 674 1639 729 ab
1654 675 1778 743 originali

987 741 1015 785 et
1038 735 1135 787 actuali
1150 735 1223 803 lepra
1241 734 1347 790 liberari
1374 752 1426 792 non
1444 741 1593 809 potuisset.
1614 743 1676 798 Sira
1699 747 1778 802 aliter

987 800 1098 857 llnmina
1115 803 1246 868 [lamasci.
1263 821 1375 873 qrrorum
1387 823 1470 875 aquas
1486 811 1602 866 Naaman
1618 813 1702 882 Syrus
1718 832 1775 871 me·
1816 809 1819 828 '

987 870 1071 953 liores
1093 876 1169 953 aquis
1189 873 1315 930 iordanis
1329 890 1391 932 esse
1409 880 1578 947 opinabatur,
1593 882 1670 953 lanius
1684 888 1776 940 mnndi

986 954 1145 1009 saprennam
1160 943 1322 1012 signillcant,
1335 962 1413 1013 qnam
1425 950 1540 1019 populus
1552 955 1672 1019 gentium
1686 957 1775 1022 prins·

986 1023 1066 1072 auam
1081 1011 1161 1066 iidem
1174 1011 1272 1066 (llrrlsti
1293 1016 1454 1084 perciperet,
1472 1033 1522 1086 pro
1546 1036 1642 1088 magno
1663 1025 1775 1089 babens,

985 1080 1139 1161 euangelica
1155 1095 1286 1152 praecepta
1298 1087 1446 1153 negligens,
1461 1091 1660 1146 contemnebat.
1677 1092 1777 1148 Lauare

985 1160 1088 1219 septum,
1102 1152 1180 1217 dixit,
1197 1165 1307 1220 propter
1319 1155 1500 1222 seprilnrmem
1516 1161 1631 1228 gratiam
1656 1161 1774 1230 Spiritus

985 1218 1082 1283 saneti,
1103 1233 1163 1286 qum
1188 1222 1214 1274 in
1228 1222 1339 1276 Christo
1363 1223 1475 1278 Domino
1490 1230 1633 1295 requievit.
1656 1231 1775 1302 benique

985 1288 1094 1355 quando
1106 1291 1132 1342 in
1147 1304 1180 1344 co
1192 1290 1274 1345 lluvio
1289 1292 1416 1346 Dominus
1429 1294 1579 1362 baptizatus
1593 1310 1644 1360 est,
1657 1299 1774 1369 Spiritus

984 1369 1094 1411 sanetus
1115 1358 1142 1410 in
1165 1359 1297 1414 cnlurnba·
1316 1361 1407 1429 specie
1427 1377 1508 1432 snper
1523 1380 1585 1418 enm
1602 1369 1682 1422 venit.
1706 1371 1773 1425 Germ

985 1440 1050 1492 erga
1063 1428 1089 1480 in
1110 1426 1192 1497 ligura
1209 1430 1332 1497 baptismi
1347 1431 1466 1485 Naaman
1497 1435 1521 1487 in
1537 1433 1648 1489 dariam
1660 1438 1774 1493 descen·

984 1493 1079 1559 disset,
1095 1493 1177 1550 Facta
1189 1509 1236 1562 est,
1249 1498 1334 1567 inquit
1344 1499 1492 1567 Scriptura,
1509 1520 1569 1556 caro
1580 1507 1635 1576 ejas
1645 1516 1773 1575 tamquam

984 1567 1058 1631 pueri
1106 1566 1171 1619 ruaii
1184 1567 1230 1639 (lv
1242 1568 1304 1638 ileg.
1322 1568 1359 1639 v).
1374 1570 1447 1624 lianc
1461 1572 1663 1646 similitudmem
1682 1577 1709 1632 in
1725 1595 1773 1647 pn-

147 1641 273 1695 lillsaennr
285 1638 419 1692 sanandus
434 1639 553 1700 advenit,
565 1635 692 1706 populum
706 1636 823 1704 gentium
836 1635 932 1704 ligura·
985 1634 1049 1702 pulo
1089 1635 1220 1692 bristiano
1238 1639 1367 1706 ennaplen
1383 1641 1520 1708 rdernm,
1537 1643 1598 1712 qnia
1617 1650 1773 1718 omnesqui

146 1710 195 1767 rit,
212 1710 303 1764 Patella
315 1723 377 1761 rern
390 1708 511 1777 paruula,
528 1722 587 1775 qrrae
601 1708 634 1759 dc
649 1715 720 1758 terra
733 1703 815 1758 lsrael
835 1705 869 1756 ab
882 1706 933 1760 As·
984 1704 1163 1776 baptizantur,
1179 1710 1237 1761 sive
1248 1722 1331 1762 senex
1342 1711 1388 1773 sit,
1410 1712 1467 1764 sive
1478 1710 1607 1780 juvenis,
1623 1728 1718 1770 omnes
1734 1728 1773 1773 ta·

147 1781 327 1847 striiseapta.
339 1790 365 1831 et
380 1777 407 1832 in
423 1777 527 1849 Syriam
543 1777 631 1838 dusera,
648 1776 725 1827 orori
744 1773 860 1827 Naaman
874 1790 931 1829 ser·
946 1811 968 1871 B
983 1789 1046 1828 men
1066 1776 1181 1831 inlnntns
1205 1780 1383 1849 appellantur,
1398 1781 1458 1850 quia
1475 1797 1522 1850 per
1542 1784 1627 1837 Adam
1642 1796 1669 1838 et
1690 1788 1771 1842 Eram

145 1850 240 1905 sitium
253 1849 406 1911 eslribcbat,
418 1848 571 1903 etdominm
582 1859 636 1898 suar
647 1854 815 1913 suggesserat
825 1846 895 1914 quod
906 1846 930 1901 si
982 1854 1087 1900 reterns
1104 1855 1263 1911 naseuntur,
1276 1863 1324 1917 per
1341 1849 1476 1904 Clnistnm
1497 1861 1525 1905 et
1543 1853 1689 1909 Ecclesiam
1710 1859 1771 1912 novi

145 1922 180 1977 ad
193 1921 298 1976 beatam
315 1918 441 1972 Elisaeum
455 1933 519 1971 suns
537 1916 660 1970 daminus
683 1921 815 1985 pergeret,
831 1915 931 1969 sanita·
980 1925 1187 1983 regenerantur.
1204 1917 1292 1972 Prima
1306 1921 1445 1986 generatio
1456 1922 1579 1989 perducit
1594 1924 1626 1976 ad
1641 1934 1768 1993 mortem,

145 2001 200 2046 min
210 1998 430 2058 consequeretur,
439 1987 505 2053 legis
515 1984 720 2052 accipiendaest
731 1985 801 2037 lama
814 1984 929 2040 :idcireo
951 2023 952 2026 ,
979 1984 1096 2038 monada
1111 1988 1251 2052 generatio
1266 1989 1385 2057 perducit
1396 1990 1430 2044 ad
1443 1998 1534 2045 artam.
1551 1992 1639 2047 Prinna
1654 2009 1771 2065 genara-

145 2061 272 2116 qlnettent
286 2059 397 2126 paruula
413 2067 564 2122 nuncupata
578 2062 633 2117 est,
645 2055 723 2120 «quia,
740 2064 768 2107 ut
785 2055 930 2122 Apostolus
979 2054 1019 2108 lio
1031 2053 1092 2108 litim
1116 2057 1175 2121 tra,
1197 2059 1312 2111 secanda
1326 2061 1464 2125 generatio
1483 2076 1546 2115 vasa
1564 2065 1770 2133 misericordia,

144 2133 184 2185 ,q
207 2128 302 2196 (Hiar.
316 2129 374 2195 pn)⁸
400 2128 503 2182 nntium
516 2127 548 2179 sd
565 2124 709 2195 perlectum
726 2124 870 2191 perducere
885 2138 930 2181 ra·
979 2124 1050 2178 sicut
1068 2126 1212 2192 Apostolus
1227 2127 1291 2180 dicit
1306 2142 1313 2179 :
1332 2126 1364 2180 in
1377 2127 1460 2183 Adam
1470 2146 1558 2185 ornnes
1573 2134 1726 2201 moriuntur,
1741 2137 1769 2192 in

145 2203 217 2256 pun:
241 2199 329 2254 omnig
342 2199 414 2252 gnam
434 2195 564 2266 pgfqpcqqq
579 2195 606 2264 tp
622 2192 930 2249 1).minoiesuClrristo
979 2190 1081 2247 Ciristo
1096 2209 1181 2248 ornnes
1199 2196 1395 2264 vivificabuntur
1414 2200 1436 2270 (Ι
1460 2197 1521 2255 Cor.
1534 2203 1589 2271 ur).
1615 2202 1770 2269 Quomodo

143 2281 187 2324 esu
201 2288 207 2323 :
230 2270 299 2323 tama
312 2269 411 2339 quippe
425 2281 517 2320 cirrum
532 2280 592 2335 quse
604 2268 629 2318 in
652 2266 709 2332 lege
723 2262 757 2316 de
768 2266 889 2318 castitate
902 2276 930 2320 et
978 2262 1097 2344 Naaman
1112 2280 1193 2319 senex
1205 2269 1304 2335 septies
1320 2268 1435 2322 lavando
1450 2267 1534 2323 lactrrs
1547 2282 1589 2325 est
1602 2276 1674 2327 velut
1689 2290 1766 2346 puer,

144 2343 304 2406 sirmietate,
327 2337 468 2405 parientia,
488 2335 606 2405 justitia,
623 2334 816 2399 hospitalitate,
832 2335 929 2402 pietate
979 2347 1020 2387 ste
1032 2335 1145 2403 popalus
1158 2335 1277 2405 gentium
1287 2352 1347 2390 cnm
1359 2348 1430 2393 essct
1442 2341 1561 2407 peccatis
1575 2344 1712 2399 veteribus
1726 2362 1770 2400 sc-

143 2412 302 2479 caterisque
313 2408 454 2462 virtutibus
467 2407 644 2468 habebantur,
658 2404 692 2455 ad
711 2404 849 2457 uniuersas
865 2420 928 2474 per·
978 2417 1043 2468 nes,
1054 2416 1081 2457 et
1094 2407 1184 2458 multis
1206 2406 1375 2476 iniquitatum
1390 2411 1504 2463 maculis
1518 2409 1591 2465 relat
1606 2409 1680 2482 l'epra
1705 2431 1768 2479 per·

143 2488 256 2535 venierat
277 2478 399 2532 natlmres
412 2493 420 2528 a
434 2480 495 2544 qnia
512 2479 573 2530 lieet
598 2476 625 2528 ia
640 2475 760 2540 tempore
774 2474 819 2527 illo
834 2475 860 2526 in
871 2474 929 2529 sola
979 2471 1069 2540 lusus,
1089 2488 1137 2543 per
1156 2477 1267 2544 gratiam
1289 2479 1413 2545 baptismi
1428 2480 1463 2530 ita
1478 2490 1639 2547 renovatur,
1655 2493 1682 2537 nt
1695 2483 1722 2537 ln
1736 2499 1770 2539 co

144 2550 235 2606 Jndaa
250 2550 390 2616 propbetia
406 2546 536 2611 dirruerit,
553 2546 610 2599 lieri
631 2555 719 2597 tamen
743 2557 796 2596 nnn
811 2554 926 2610 poterat,
978 2556 1030 2596 uec
1044 2545 1183 2612 originalis
1207 2560 1256 2599 nec
1277 2549 1389 2601 actualis
1402 2549 1505 2617 peccati
1521 2550 1594 2619 lepra
1608 2566 1768 2619 remaneal;

144 2622 196 2676 nisi
212 2633 238 2673 nt
253 2618 377 2672 etiamad
392 2618 451 2670 illas
461 2618 562 2670 vicinas
574 2624 666 2682 geistes
680 2613 755 2666 beata
767 2613 825 2681 ejus
836 2616 928 2668 noitia
978 2614 1063 2682 etqui
1080 2613 1315 2670 lueratcriminum
1331 2618 1494 2685 ponderibus
1508 2634 1616 2690 currens,
1634 2621 1667 2675 ad
1678 2640 1770 2678 erem-

145 2689 311 2759 pcrreniret;
333 2696 362 2741 et
380 2701 540 2755 quamquam
565 2683 685 2739 eamdem
708 2685 844 2737 custodire
865 2699 930 2738 corr·
979 2682 1052 2748 plum
1065 2682 1184 2738 Naaman
1199 2686 1309 2741 salutari
1323 2688 1428 2742 lavaero
1448 2699 1607 2756 renovatur,
1624 2701 1653 2745 nt
1672 2709 1768 2759 parvu-

146 2760 296 2819 tenderent,
320 2769 409 2810 tamen
432 2759 504 2810 relat
527 2756 629 2822 captiva
650 2753 750 2808 eisdem
774 2753 926 2819 serviebat,
979 2754 1032 2813 lus.
1049 2762 1077 2806 et
1091 2757 1176 2822 prima
1201 2756 1268 2809 stola
1285 2756 1414 2810 induitur.
1439 2759 1476 2811 De
1490 2773 1541 2827 qna
1556 2762 1699 2825 Apostolus
1711 2764 1769 2820 ait:

143 2831 205 2900 qnia
221 2828 379 2884 idololatriae
388 2827 472 2881 cultui
484 2826 581 2880 dedita
590 2834 676 2878 erant.
693 2822 799 2876 bullivit
810 2823 928 2878 Naaman
980 2820 1138 2893 Quicumque
1153 2825 1179 2876 in
1192 2823 1296 2878 Cbristo
1309 2827 1429 2897 bapizati
1452 2829 1522 2893 estis,
1540 2829 1668 2884 Cirristurn
1684 2833 1769 2885 indui·

146 2899 272 2968 pinellam,
287 2908 315 2953 et
333 2897 406 2951 renit
427 2898 459 2949 ad
472 2896 598 2950 Elisnam
612 2891 774 2947 sarrandnsa
798 2894 886 2959 lepra;
901 2903 929 2948 ea
980 2892 1037 2944 stis.
1058 2891 1086 2944 ln
1108 2894 1298 2950 emundatione
1318 2896 1435 2950 Naaman
1456 2898 1535 2967 Syri,
1558 2900 1663 2953 decima
1685 2903 1769 2956 virtrrs

146 2971 259 3039 populns
271 2968 389 3037 gentiam
412 2967 514 3020 audivit
535 2965 631 3018 lamam
645 2963 711 3031 legis
726 2961 889 3031 prophetin,
901 2972 928 3019 et
979 2961 1089 3029 ponitur
1102 2962 1201 3017 Elissaei.
1217 2963 1346 3018 Denarins
1359 2966 1431 3020 enlm
1445 2981 1574 3024 numerus
1592 2984 1767 3026 consumma·

144 3039 264 3096 venitad
277 3040 412 3091 christum
432 3037 467 3092 ab
487 3038 605 3090 omnium
622 3045 787 3100 pcccatorum
802 3035 874 3101 lepra
885 3047 930 3087 sa·
979 3032 1081 3084 lienem
1105 3034 1161 3086 sire
1183 3034 1373 3101 perlectionem
1393 3040 1579 3106 demonstrat,
1597 3042 1659 3109 quia
1675 3042 1700 3094 in
1717 3042 1771 3097 line

145 3111 259 3163 naudus.
278 3108 347 3175 Quin
370 3107 544 3161 camariana
564 3105 658 3159 beatus
673 3102 787 3157 Elisnns
801 3117 848 3167 per
860 3117 929 3157 rinn-
979 3101 1073 3154 masidi
1091 3101 1217 3155 llorninns
1237 3103 1334 3173 legitur
1352 3105 1504 3171 adrenisse,
1524 3108 1550 3162 in
1565 3123 1619 3179 qno
1637 3112 1771 3166 ninivensis

145 3180 213 3233 qum
225 3176 258 3233 pn
272 3178 401 3242 Naaman,
414 3177 563 3232 videamus.
590 3175 633 3227 nit
647 3172 718 3226 enim
733 3172 769 3233 ei,
788 3170 871 3240 Vade,
887 3165 965 3231 in·C
981 3169 1055 3240 lepra
1084 3171 1249 3226 inlldclitatis
1264 3175 1382 3241 aspersis
1403 3178 1574 3245 cognoscitur
1597 3179 1671 3233 salus
1693 3185 1772 3236 attri-

144 3248 215 3317 qnit‚
231 3249 317 3302 lauare
328 3249 420 3319 septies
441 3250 467 3300 in
490 3244 614 3301 iordane.
641 3242 716 3309 Quod
740 3256 799 3295 eum
813 3244 932 3299 audisset
981 3239 1055 3295 buta.
1072 3242 1147 3306 Quod
1160 3257 1224 3296 vero
1239 3252 1410 3311 posteaquam
1427 3247 1570 3302 nrundatns
1595 3260 1636 3303 cst
1651 3249 1769 3305 Naaman
1795 3289 1800 3306 ,

144 3319 275 3384 Naaman,
290 3325 393 3372 tantum
418 3325 448 3371 nt
471 3317 606 3370 lavaretur
627 3314 727 3392 septies
752 3313 778 3365 in
799 3312 929 3379 iordane,
982 3326 1091 3365 rrrunera
1109 3312 1204 3366 obtulit
1219 3313 1297 3366 beata
1309 3315 1422 3379 Elissae,
1443 3322 1471 3370 et
1489 3316 1535 3371 illc
1550 3318 1673 3388 accipere
1685 3322 1772 3376 noluit

144 3388 297 3457 qqnqgmqps
312 3398 364 3452 ess,
385 3396 412 3442 aa
431 3387 537 3442 nolebas
558 3396 687 3447 renuere3
708 3381 755 3437 sed
776 3383 811 3437 ab
836 3384 931 3440 alaricis
979 3380 1078 3435 dtrrisri
1095 3385 1120 3435 in
1133 3381 1183 3436 boc
1194 3387 1278 3452 gratia
1291 3383 1427 3450 liguratur,
1440 3400 1499 3454 qua
1525 3387 1586 3441 idea
1601 3392 1683 3456 gratia
1698 3391 1770 3446 dicta

144 3461 201 3512 suis
215 3457 328 3511 consilio
341 3464 461 3522 accepto,
473 3456 606 3524 acquievit
624 3463 653 3506 nt
669 3453 813 3517 lavaretur,
824 3462 850 3507 et
865 3469 930 3521 pur·
980 3461 1023 3504 est
1050 3452 1111 3521 quia
1135 3454 1219 3523 gratis
1242 3456 1335 3520 datura
1361 3458 1401 3510 sie
1424 3460 1496 3510 euim
1524 3458 1582 3528 ipse
1599 3460 1727 3517 Dominus
1743 3463 1769 3518 in

143 3535 287 3599 gatrrsest.
315 3524 371 3578 lloe
390 3525 550 3592 significarit
571 3526 632 3592 qrria
658 3523 773 3589 populns
792 3524 930 3590 gentium,
982 3521 1128 3585 Evangelio
1141 3524 1279 3591 discipulis
1292 3527 1380 3578 dixit:

144 3605 290 3665 aiimqnarn
301 3593 422 3648 Christus
433 3592 645 3660 crucifigeretur,
657 3592 715 3648 inso
727 3606 774 3656 per
783 3606 814 3644 so
824 3592 932 3646 Cirrata
1018 3590 1245 3656 infirmosrurate,
1257 3594 1508 3656 mmtuasruseitats‚
1519 3593 1650 3650 dumanas
1665 3599 1747 3670 riirite
1761 3616 1770 3652 .·

145 3668 273 3736 loquente
294 3680 347 3718 uon
368 3662 558 3734 crediderunt,
579 3660 626 3714 sed
653 3669 746 3727 postea
773 3660 931 3714 docentibus
981 3658 1215 3728 qratiiaacepirtls.
1243 3661 1770 3734 ratisdatclllattlr.s).lliaitqueiater-

146 3737 277 3804 npostrdis
298 3735 332 3787 ad
352 3742 545 3788 sacramentum
567 3729 692 3796 baptismi
716 3728 832 3782 lideliter
848 3731 930 3783 renit.
981 3743 1012 3780 ra
1027 3726 1148 3780 Naaman
1162 3729 1196 3781 ad
1234 3732 1333 3785 liscum
1348 3747 1358 3786 .·
1375 3731 1493 3794 Obsecro,
1505 3735 1615 3788 conrade
1626 3737 1689 3789 milri
1699 3754 1770 3791 saue

145 3806 261 3861 Elisaeus
273 3804 420 3873 namqnein
432 3800 648 3871 praefiguratione
659 3798 806 3851 lntnrornm
812 3796 931 3853 Naaman
981 3806 1037 3863 tua,
1048 3805 1075 3850 at
1089 3798 1176 3850 tollam
1199 3814 1262 3853 anus
1275 3801 1386 3854 duorum
1401 3802 1543 3856 umanum
1557 3804 1589 3856 aa
1611 3814 1679 3858 terra
1695 3821 1771 3860 :arna

144 3876 244 3946 Syram
255 3875 345 3928 videre
357 3873 451 3937 noluit,
465 3881 492 3925 ct
504 3880 592 3925 amen
607 3869 718 3923 minime
738 3868 876 3932 essperia
892 3870 932 3925 sle
980 3868 1050 3919 enim
1064 3868 1138 3936 faciet
1151 3870 1218 3921 alba
1232 3886 1318 3924 sauss
1333 3871 1509 3926 baloeaustam
1521 3881 1567 3925 aut
1591 3875 1706 3931 uictimas
1721 3878 1772 3932 diis

144 3948 272 4001 nimirum
286 3944 413 3997 bamirnrs
425 3941 504 3997 iesus
514 3940 638 3995 Christus
656 3937 783 4008 populum
798 3940 930 4007 gentium,
980 3937 1083 4002 alienis,
1097 3938 1148 3991 nisi
1160 3938 1267 3993 Domino
1282 3941 1341 3994 rati.
1356 3944 1430 3995 draus
1447 3950 1526 3996 terras
1543 3943 1657 3997 duorum
1671 3946 1769 4000 burda-

144 4020 192 4085 qui
205 4031 266 4068 anm
288 4014 442 4068 carnalibus
456 4010 541 4065 oeulis
561 4008 672 4063 minime
685 4009 766 4073 ridit,
779 4016 931 4063 esteruma
982 4021 1056 4074 num,
1074 4011 1266 4063 irrcarnationis
1288 4009 1387 4065 Christi
1407 4012 1591 4082 pretendebat
1616 4028 1772 4070 sacramen·

144 4100 196 4138 sun
214 4086 300 4138 salma
315 4099 367 4137 rann
391 4083 462 4137 lecit.
479 4080 549 4134 Dixit
563 4094 629 4148 ergo
643 4078 754 4132 Elisaus
767 4079 800 4130 ad
812 4076 931 4133 Naaman
982 4085 1051 4141 turn,
1065 4076 1141 4145 cuins
1154 4080 1310 4149 mysterium
1324 4087 1437 4150 uterque
1448 4083 1560 4150 populns
1574 4097 1608 4137 es
1629 4085 1770 4141 circumci-

146 4165 176 4208 nt
189 4157 320 4207 lar-aretur
330 4153 430 4222 septies
445 4155 470 4204 in
481 4148 608 4206 iordane.
622 4148 775 4203 Notandum
789 4150 861 4216 quod
874 4148 932 4202 Eli·
982 4148 1059 4201 sinne
1071 4148 1197 4202 uidelicet
1206 4160 1233 4203 et
1245 4154 1377 4219 praeputio
1390 4152 1425 4205 ob
1438 4166 1513 4221 spem
1527 4145 1636 4207 aterna.
1659 4155 1772 4210 beatitu-

144 4220 638 4280 suusmittitNaamanadJordanem
658 4217 784 4282 durium;
804 4219 838 4271 ita
854 4216 932 4272 curl-
982 4217 1055 4271 dinis
1075 4227 1182 4285 portare
1211 4235 1264 4274 non
1290 4221 1390 4275 renuit.
1419 4220 1541 4275 Postlrae
1569 4225 1651 4277 r'elert
1677 4225 1770 4281 eadem

143 4304 204 4349 stus
218 4294 345 4363 populum
363 4295 482 4361 gentium
496 4292 627 4344 missurus
643 4296 702 4344 crat
713 4288 745 4341 ad
760 4288 930 4356 baptismum.
982 4286 1120 4357 Scriptura
1139 4289 1209 4358 quod
1235 4290 1440 4361 interrogaverit
1454 4293 1566 4347 Elisaus
1580 4292 1637 4348 leti
1658 4309 1770 4365 puerum

144 4365 221 4432 Quod
241 4374 330 4419 antem
346 4362 459 4416 Elisaens
474 4376 527 4415 non
552 4360 738 4429 perseipsum
754 4358 871 4411 Naaman
885 4368 933 4412 aut
982 4370 1061 4411 srmrn
1079 4375 1086 4410 :

145 4435 233 4505 tetigit
255 4446 301 4487 ant
322 4433 477 4501 baptizarit,
500 4430 550 4484 lune
574 4430 750 4498 signilleatum
775 4436 835 4493 cst,
860 4428 931 4496 qnod
1020 4426 1186 4488 barsuma,
1209 4426 1267 4481 irai
1274 4428 1287 4482 ι
1309 4429 1361 4492 Qui
1381 4431 1525 4494 respondit,
1548 4430 1608 4485 Nan
1622 4432 1666 4485 init
1685 4448 1772 4489 sauss

142 4504 269 4560 Christus
288 4519 341 4557 non
366 4518 415 4572 per
428 4515 460 4555 se
481 4503 568 4569 ipsum
581 4502 652 4553 verrit
666 4496 700 4550 ad
721 4498 847 4566 populum
854 4512 930 4619 pen·
944 4529 971 4590 D
984 4506 1042 4550 tuus
1055 4513 1192 4567 manuam,
1217 4498 1250 4551 Et
1271 4498 1316 4551 ille
1329 4501 1376 4565 ait,
1395 4498 1489 4554 Nonne
1508 4516 1553 4553 cor
1567 4515 1650 4555 meunt
1664 4504 1689 4554 in
1702 4520 1772 4575 pra·

143 4577 223 4641 tium,
237 4574 286 4629 sed
302 4589 348 4643 per
362 4574 584 4641 apostolossnos,
598 4569 659 4637 quia
674 4566 726 4622 allis
750 4567 839 4623 disis:
872 4577 896 4620 te
906 4578 931 4622 at
982 4569 1046 4620 santi
1065 4579 1131 4633 nar,
1152 4569 1256 4637 quanda
1270 4583 1383 4622 ravanus
1403 4576 1441 4622 ert
1452 4569 1527 4622 baara
1540 4572 1570 4624 aa
1585 4586 1662 4624 carru
1681 4588 1728 4626 sao
1744 4575 1771 4628 in

142 4645 270 4715 baptisate
282 4660 369 4697 omnes
382 4653 468 4712 pentes
481 4644 507 4694 ln
526 4640 628 4694 narnias
650 4637 751 4705 l’atrr's,
767 4648 790 4690 et
815 4635 893 4701 Filii,
906 4648 931 4691 st
981 4651 1115 4690 aaaarsnrn
1140 4637 1230 4691 ruant
1244 4633 1321 4691 Nrrna
1346 4640 1424 4708 igitur
1438 4641 1557 4711 permisti
1580 4653 1723 4712 arpentum,
1747 4653 1771 4697 et

143 4716 260 4781 Spiritus
271 4716 352 4767 sancti
372 4710 480 4782 (blatta.
500 4708 719 4780 sacristariae
738 4707 928 4762 atterrdendnm
981 4709 1100 4777 accepisti
1125 4719 1216 4773 rates,
1231 4716 1259 4759 ut
1274 4724 1344 4762 emas
1367 4709 1459 4762 elireto
1472 4718 1497 4762 et
1511 4711 1594 4764 cirrata
1635 4719 1660 4763 et
1674 4728 1731 4766 oues
1748 4722 1771 4766 et

142 4798 197 4852 est,
213 4789 273 4853 qnia
285 4785 411 4846 Naaman,
423 4784 468 4852 qui
480 4782 605 4848 pnprrlum
615 4778 734 4850 gentiam
746 4779 887 4847 ligurabat.
902 4780 929 4834 in

143 4855 190 4909 illa
206 4856 287 4908 nrrvio
301 4857 444 4907 sanirareru
456 4852 599 4917 receperit,
612 4859 792 4922 qnempostea
806 4849 930 4902 Glrristua

143 4940 194 4978 arro
211 4926 370 4993 baptismate
393 4920 571 4977 corrsecrarit.
586 4919 706 4974 Arrdiens
724 4934 788 4971 vero
810 4918 929 4972 Naaman

142 5003 174 5048 ut
186 4993 422 5063 lavareturseptics
434 4990 593 5048 intordane.
602 4990 753 5057 indignatus
763 4998 805 5044 est
817 4989 926 5044 dicens:

120 5067 122 5071 '
146 5064 281 5134 Numquid
295 5080 345 5117 non
357 5064 460 5116 rrreliara
474 5072 533 5115 srmt
545 5061 653 5130 stramina
666 5059 779 5129 regionis
794 5073 866 5123 mea,
878 5060 929 5127 plu·

143 5138 214 5188 rnina
230 5134 348 5188 Damasei
362 5133 461 5196 anana,
477 5143 501 5187 et
529 5130 677 5201 l'lrarpltar,
692 5139 719 5181 ut
737 5130 765 5182 in
782 5128 846 5196 ipsis
860 5127 930 5182 lausa·

142 5214 168 5258 et
180 5205 305 5258 munder?
324 5202 386 5257 liae
404 5203 451 5256 illo
478 5202 604 5268 diceano,
630 5200 771 5255 consilium
798 5198 931 5253 dedi-runt

142 5275 215 5328 servi
243 5273 283 5327 sni
298 5286 325 5327 ut
341 5274 524 5342 acquiesceret
551 5270 688 5340 propbeta
715 5268 838 5325 consilio.
859 5269 929 5336 Quid

143 5354 232 5397 nutem
247 5344 298 5398 lroe
309 5343 453 5411 signilieet,
462 5343 617 5395 intncudunr
626 5349 677 5395 est.
690 5340 806 5395 Sanctus
818 5339 931 5393 Elis-aus

143 5413 212 5468 sicut
226 5415 353 5478 dirimas,
368 5425 459 5482 typam
474 5410 590 5466 babebat
606 5411 709 5466 bamini
722 5410 880 5473 salvatoris,
901 5420 929 5462 et

143 5483 262 5537 Naaman
290 5485 420 5551 figurabat
434 5483 561 5549 populum
582 5484 712 5548 gentium.
726 5480 801 5548 Quod
815 5494 881 5533 vero
894 5479 928 5532 do

143 5553 201 5606 snis
215 5553 368 5607 lluminibus
382 5555 522 5606 sarrientem
535 5566 564 5606 se
576 5561 744 5616 recepturum
761 5565 822 5605 esse
835 5550 930 5604 crede·

145 5625 201 5685 bat,
213 5623 264 5678 boe
288 5624 423 5676 indicabat
436 5623 507 5687 quod
529 5635 615 5692 genus
634 5624 776 5676 lrumannm
791 5624 825 5675 de
845 5621 929 5674 lrlrero

144 5695 257 5747 arbitrio
270 5703 298 5746 et
311 5695 344 5747 de
356 5693 469 5760 propriis
482 5691 586 5745 meritis
599 5694 784 5761 praesumebat.
800 5692 853 5745 Sed
869 5705 930 5758 pro·

143 5763 203 5830 pria
216 5763 310 5819 rnerita
320 5765 378 5819 sine
387 5765 471 5832 gratia
483 5762 583 5819 Cariati
596 5763 746 5819 libertatem
760 5764 857 5817 trabere
868 5775 930 5830 pos·

981 4777 1065 4838 barm,
1079 4786 1104 4830 ct
1126 4793 1209 4831 sams
1223 4787 1246 4830 rt
1260 4778 1376 4831 ancillas.
1390 4777 1444 4832 aes
1460 4790 1483 4832 et
1496 4780 1568 4847 lepra
1583 4754 1704 4838 Naaman
1723 4784 1772 4837 aa·

980 4846 1087 4901 sarmit
1100 4847 1146 4901 tili
1159 4857 1184 4902 et
1203 4848 1293 4902 taurini
1316 4859 1371 4912 tua,
1382 4863 1461 4916 usqae
1475 4852 1503 4903 ia
1517 4852 1710 4920 sempiternum.
1727 4853 1772 4908 Sic

981 4918 1054 4972 enim
1076 4918 1205 4986 propbeta
1226 4919 1338 4972 Elisaeus
1362 4933 1473 4985 puerum
1497 4934 1574 4973 sutum
1595 4921 1652 4976 iezi
1674 4923 1772 4977 absens

981 5003 1096 5057 corpure
1118 4987 1185 5042 ridit
1208 4988 1383 5056 accipientem
1408 5003 1529 5054 numera,
1554 5003 1614 5059 qaae
1636 4990 1711 5045 dedit
1733 4992 1772 5047 illl

981 5057 1100 5112 Naaman
1124 5057 1220 5128 Syrus,
1236 5072 1314 5127 quem
1331 5060 1459 5127 propbeta
1481 5075 1670 5115 rnemcrarusa
1690 5063 1773 5129 lepras

982 5128 1154 5182 delormitate
1177 5131 1362 5193 mundaverat,
1384 5131 1455 5197 quand
1476 5132 1774 5199 servus-nequamne-

982 5199 1057 5252 arino
1069 5212 1119 5253 suo
1134 5212 1186 5251 non
1202 5197 1319 5265 ridente,
1336 5199 1452 5253 latenter
1464 5212 1495 5253 se
1510 5199 1606 5254 iecisse
1621 5212 1771 5268 pulsauerat,

983 5278 1083 5337 quanto
1097 5268 1182 5337 tnagis
1193 5268 1220 5322 in
1233 5267 1279 5322 ilio
1290 5281 1406 5335 corpore
1420 5269 1533 5336 spiritali
1548 5269 1676 5326 ridebunt
1688 5272 1773 5326 sancti

983 5343 1091 5400 amnia,
1106 5352 1160 5392 non
1181 5338 1271 5392 solunt
1281 5338 1303 5391 si
1318 5339 1411 5391 oculos
1430 5339 1565 5402 claudant,
1583 5354 1676 5394 rernm
1691 5344 1773 5395 etiam

983 5410 1054 5462 ande
1071 5415 1135 5462 sunt
1150 5422 1263 5476 eurpnre
1282 5407 1425 5462 absentesl
1438 5408 1513 5462 'lrrnc
1525 5410 1598 5464 enim
1617 5413 1670 5464 erit
1685 5412 1774 5479 perle-

982 5493 1055 5533 crum
1070 5478 1134 5531 rllml
1153 5480 1188 5532 de
1199 5492 1252 5547 qno
1268 5478 1381 5546 loquens
1394 5479 1538 5546 apostolas
1552 5480 1589 5533 ait
1605 5497 1612 5531 ε
1627 5479 1668 5534 Es
1684 5490 1772 5548 parte,

983 5550 1077 5617 inquit,
1089 5547 1194 5611 sciurus,
1214 5558 1239 5600 et
1260 5564 1291 5602 ea
1308 5558 1380 5615 parte
1392 5547 1596 5618 proprietamus,
1616 5565 1673 5603 asra
1686 5559 1773 5604 autent

981 5631 1076 5671 seruerit
1089 5620 1158 5686 qrrod
1178 5619 1317 5688 perfectum
1332 5626 1384 5681 est,
1400 5620 1564 5672 evacuabitur
1580 5621 1690 5689 quadan
1702 5631 1776 5692 parts

965 5697 1021 5741 ast
1035 5687 1058 5755 (l
1074 5688 1135 5743 Car.
1150 5691 1219 5759 sarr).
1245 5689 1346 5742 tleinde
1365 5697 1395 5741 ut
1416 5702 1469 5756 qnn
1487 5693 1567 5742 tnoiln
1582 5702 1669 5758 posset
1685 5692 1775 5759 aliqua

982 5759 1159 5814 similitudine
1182 5758 1324 5814 ostendero
1346 5770 1475 5828 quantum
1498 5774 1532 5817 aa
1546 5759 1590 5816 illa
1610 5775 1670 5830 qum
1684 5759 1773 5816 lutura
