<?xml version="1.0" encoding="UTF-8"?>
<!DOCTYPE html PUBLIC "-//W3C//DTD XHTML 1.0 Transitional//EN"
    "http://www.w3.org/TR/xhtml1/DTD/xhtml1-transitional.dtd">
<html xmlns="http://www.w3.org/1999/xhtml" xml:lang="en" lang="en">
 <head>
  <title>
</title>
<meta http-equiv="Content-Type" content="text/html;charset=utf-8" />
  <meta name='ocr-system' content='tesseract 3.04.00' />
  <meta name='ocr-capabilities' content='ocr_page ocr_carea ocr_par ocr_line ocrx_word'/>
</head>
<body>
  <div class='ocr_page' id='page_1' title='image "./patrologiaecurs200unkngoog_0366.png"; bbox 0 0 4009 6184; ppageno 0'>
   <div class='ocr_carea' id='block_1_1' title="bbox 211 322 261 378">
    <p class='ocr_par' dir='ltr' id='par_1_1' title="bbox 211 322 261 378">
     <span class='ocr_line' id='line_1_1' title="bbox 211 322 261 378; baseline 0.08 -4"><span class='ocrx_word' id='word_1_1' title='bbox 211 322 261 378; x_wconf 84' lang='lat' dir='ltr'><strong>t&#39;tt</strong></span> 
     </span>
    </p>
   </div>
   <div class='ocr_carea' id='block_1_2' title="bbox 194 432 999 2291">
    <p class='ocr_par' dir='ltr' id='par_1_2' title="bbox 194 432 999 2291">
     <span class='ocr_line' id='line_1_2' title="bbox 210 432 998 513; baseline -0.015 -14"><span class='ocrx_word' id='word_1_2' title='bbox 210 445 357 498; x_wconf 64' lang='lat' dir='ltr'><strong>barranum</strong></span> <span class='ocrx_word' id='word_1_3' title='bbox 375 454 458 513; x_wconf 72' lang='lat' dir='ltr'><strong>genus</strong></span> <span class='ocrx_word' id='word_1_4' title='bbox 470 438 607 508; x_wconf 80' lang='lat' dir='ltr'><strong>denegarit</strong></span> <span class='ocrx_word' id='word_1_5' title='bbox 616 435 789 490; x_wconf 82' lang='lat' dir='ltr'><strong>adstrictum?</strong></span> <span class='ocrx_word' id='word_1_6' title='bbox 807 432 872 501; x_wconf 88' lang='lat' dir='ltr'><strong>Quis</strong></span> <span class='ocrx_word' id='word_1_7' title='bbox 885 441 945 488; x_wconf 87' lang='lat' dir='ltr'><strong>aute</strong></span> <span class='ocrx_word' id='word_1_8' title='bbox 958 448 998 487; x_wconf 81' lang='lat' dir='ltr'><strong>sa</strong></span> 
     </span>
     <span class='ocr_line' id='line_1_3' title="bbox 211 522 997 602; baseline -0.011 -18"><span class='ocrx_word' id='word_1_9' title='bbox 211 533 338 602; x_wconf 75' lang='lat' dir='ltr'><strong>erilcgum</strong></span> <span class='ocrx_word' id='word_1_10' title='bbox 360 531 452 584; x_wconf 81' lang='lat' dir='ltr'><strong>Arium</strong></span> <span class='ocrx_word' id='word_1_11' title='bbox 470 527 592 582; x_wconf 82' lang='lat' dir='ltr'><strong>trinitatis</strong></span> <span class='ocrx_word' id='word_1_12' title='bbox 610 523 738 580; x_wconf 88' lang='lat' dir='ltr'><strong>unitatem</strong></span> <span class='ocrx_word' id='word_1_13' title='bbox 754 523 917 587; x_wconf 87' lang='lat' dir='ltr'><strong>discindere,</strong></span> <span class='ocrx_word' id='word_1_14' title='bbox 937 522 997 591; x_wconf 92' lang='lat' dir='ltr'><strong>quis</strong></span> 
     </span>
     <span class='ocr_line' id='line_1_4' title="bbox 211 613 996 676; baseline -0.013 -2"><span class='ocrx_word' id='word_1_15' title='bbox 211 631 273 676; x_wconf 89' lang='lat' dir='ltr'><strong>ante</strong></span> <span class='ocrx_word' id='word_1_16' title='bbox 294 621 451 675; x_wconf 88' lang='lat' dir='ltr'><strong>sceleratum</strong></span> <span class='ocrx_word' id='word_1_17' title='bbox 470 616 612 671; x_wconf 86' lang='lat' dir='ltr'><strong>Sabellium</strong></span> <span class='ocrx_word' id='word_1_18' title='bbox 630 615 738 669; x_wconf 89' lang='lat' dir='ltr'><strong>unitatis</strong></span> <span class='ocrx_word' id='word_1_19' title='bbox 757 613 911 667; x_wconf 73' lang='lat' dir='ltr'><strong>Trinitatem</strong></span> <span class='ocrx_word' id='word_1_20' title='bbox 930 625 996 665; x_wconf 91' lang='lat' dir='ltr'><strong>con·</strong></span> 
     </span>
     <span class='ocr_line' id='line_1_5' title="bbox 211 693 996 772; baseline -0.005 -12"><span class='ocrx_word' id='word_1_21' title='bbox 211 693 321 763; x_wconf 70' lang='lat' dir='ltr'><strong>inridere</strong></span> <span class='ocrx_word' id='word_1_22' title='bbox 338 722 419 761; x_wconf 89' lang='lat' dir='ltr'><strong>ausus</strong></span> <span class='ocrx_word' id='word_1_23' title='bbox 439 706 495 760; x_wconf 86' lang='lat' dir='ltr'><strong>cst?</strong></span> <span class='ocrx_word' id='word_1_24' title='bbox 516 704 581 772; x_wconf 82' lang='lat' dir='ltr'><strong>Quis</strong></span> <span class='ocrx_word' id='word_1_25' title='bbox 599 713 660 758; x_wconf 89' lang='lat' dir='ltr'><strong>ante</strong></span> <span class='ocrx_word' id='word_1_26' title='bbox 678 701 889 757; x_wconf 89' lang='lat' dir='ltr'><strong>crudelissimum</strong></span> <span class='ocrx_word' id='word_1_27' title='bbox 909 699 996 756; x_wconf 80' lang='lat' dir='ltr'><strong>Novo·</strong></span> 
     </span>
     <span class='ocr_line' id='line_1_6' title="bbox 212 781 997 867; baseline -0.013 -17"><span class='ocrx_word' id='word_1_28' title='bbox 212 807 311 851; x_wconf 87' lang='lat' dir='ltr'><strong>nunttnr</strong></span> <span class='ocrx_word' id='word_1_29' title='bbox 322 795 360 867; x_wconf 90' lang='grc'><strong>(1)</strong></span> <span class='ocrx_word' id='word_1_30' title='bbox 373 781 513 850; x_wconf 89' lang='lat' dir='ltr'><strong>crudelem</strong></span> <span class='ocrx_word' id='word_1_31' title='bbox 519 795 601 848; x_wconf 86' lang='lat' dir='ltr'><strong>licam</strong></span> <span class='ocrx_word' id='word_1_32' title='bbox 614 792 690 858; x_wconf 83' lang='lat' dir='ltr'><strong>dixit,</strong></span> <span class='ocrx_word' id='word_1_33' title='bbox 703 806 735 847; x_wconf 89' lang='lat' dir='ltr'><strong>eo</strong></span> <span class='ocrx_word' id='word_1_34' title='bbox 744 790 814 860; x_wconf 90' lang='lat' dir='ltr'><strong>quod</strong></span> <span class='ocrx_word' id='word_1_35' title='bbox 828 789 917 843; x_wconf 88' lang='lat' dir='ltr'><strong>mallet</strong></span> <span class='ocrx_word' id='word_1_36' title='bbox 930 802 997 841; x_wconf 87' lang='lat' dir='ltr'><strong>mor·</strong></span> 
     </span>
     <span class='ocr_line' id='line_1_7' title="bbox 211 879 997 959; baseline -0.011 -19"><span class='ocrx_word' id='word_1_37' title='bbox 211 896 264 940; x_wconf 90' lang='lat' dir='ltr'><strong>tem</strong></span> <span class='ocrx_word' id='word_1_38' title='bbox 277 886 414 940; x_wconf 89' lang='lat' dir='ltr'><strong>morientis</strong></span> <span class='ocrx_word' id='word_1_39' title='bbox 426 899 506 959; x_wconf 90' lang='lat' dir='ltr'><strong>quam</strong></span> <span class='ocrx_word' id='word_1_40' title='bbox 520 891 549 938; x_wconf 93' lang='lat' dir='ltr'><strong>ut</strong></span> <span class='ocrx_word' id='word_1_41' title='bbox 560 890 706 937; x_wconf 75' lang='lat' dir='ltr'><strong>reuertatur</strong></span> <span class='ocrx_word' id='word_1_42' title='bbox 718 890 745 934; x_wconf 91' lang='lat' dir='ltr'><strong>et</strong></span> <span class='ocrx_word' id='word_1_43' title='bbox 754 880 842 933; x_wconf 80' lang='lat' dir='ltr'><strong>rivali</strong></span> <span class='ocrx_word' id='word_1_44' title='bbox 858 879 923 945; x_wconf 80' lang='lat' dir='ltr'><strong>oms</strong></span> <span class='ocrx_word' id='word_1_45' title='bbox 936 887 997 932; x_wconf 89' lang='lat' dir='ltr'><strong>ante</strong></span> 
     </span>
     <span class='ocr_line' id='line_1_8' title="bbox 210 970 997 1047; baseline -0.011 -18"><span class='ocrx_word' id='word_1_46' title='bbox 210 991 316 1047; x_wconf 73' lang='lat' dir='ltr'><strong>inagnum</strong></span> <span class='ocrx_word' id='word_1_47' title='bbox 333 974 482 1038; x_wconf 84' lang='lat' dir='ltr'>Simonem,</span> <span class='ocrx_word' id='word_1_48' title='bbox 505 972 648 1044; x_wconf 84' lang='lat' dir='ltr'><strong>apostolica</strong></span> <span class='ocrx_word' id='word_1_49' title='bbox 661 970 824 1025; x_wconf 75' lang='lat' dir='ltr'><strong>districtione</strong></span> <span class='ocrx_word' id='word_1_50' title='bbox 842 982 997 1039; x_wconf 88' lang='lat' dir='ltr'><strong>percussum</strong></span> 
     </span>
     <span class='ocr_line' id='line_1_9' title="bbox 195 1037 996 1158; baseline -0.016 -37"><span class='ocrx_word' id='word_1_51' title='bbox 195 1037 237 1158; x_wconf 58' lang='lat' dir='ltr'><strong>‘la</strong></span> <span class='ocrx_word' id='word_1_52' title='bbox 252 1081 305 1137; x_wconf 92' lang='lat' dir='ltr'><strong>quo</strong></span> <span class='ocrx_word' id='word_1_53' title='bbox 317 1074 393 1121; x_wconf 83' lang='lat' dir='ltr'><strong>retus</strong></span> <span class='ocrx_word' id='word_1_54' title='bbox 404 1064 448 1119; x_wconf 92' lang='lat' dir='ltr'><strong>ille</strong></span> <span class='ocrx_word' id='word_1_55' title='bbox 462 1062 651 1132; x_wconf 75' lang='lat' dir='ltr'><strong>turpitudinum</strong></span> <span class='ocrx_word' id='word_1_56' title='bbox 664 1075 759 1130; x_wconf 77' lang='lat' dir='ltr'>gurges</span> <span class='ocrx_word' id='word_1_57' title='bbox 772 1073 855 1127; x_wconf 84' lang='lat' dir='ltr'><strong>nsque</strong></span> <span class='ocrx_word' id='word_1_58' title='bbox 868 1058 894 1111; x_wconf 94' lang='lat' dir='ltr'><strong>in</strong></span> <span class='ocrx_word' id='word_1_59' title='bbox 907 1057 996 1110; x_wconf 83' lang='lat' dir='ltr'><strong>noris-</strong></span> 
     </span>
     <span class='ocr_line' id='line_1_10' title="bbox 210 1147 997 1221; baseline -0.015 -11"><span class='ocrx_word' id='word_1_60' title='bbox 210 1158 307 1209; x_wconf 88' lang='lat' dir='ltr'><strong>simum</strong></span> <span class='ocrx_word' id='word_1_61' title='bbox 325 1153 517 1209; x_wconf 82' lang='lat' dir='ltr'><strong>Priscillianum</strong></span> <span class='ocrx_word' id='word_1_62' title='bbox 530 1151 568 1221; x_wconf 67' lang='lat'><strong>(2)</strong></span> <span class='ocrx_word' id='word_1_63' title='bbox 585 1150 708 1204; x_wconf 90' lang='lat' dir='ltr'><strong>continua</strong></span> <span class='ocrx_word' id='word_1_64' title='bbox 724 1159 751 1203; x_wconf 93' lang='lat' dir='ltr'><strong>et</strong></span> <span class='ocrx_word' id='word_1_65' title='bbox 767 1147 870 1202; x_wconf 85' lang='lat' dir='ltr'><strong>occulta</strong></span> <span class='ocrx_word' id='word_1_66' title='bbox 888 1160 997 1200; x_wconf 90' lang='lat' dir='ltr'><strong>sueces-</strong></span> 
     </span>
     <span class='ocr_line' id='line_1_11' title="bbox 211 1235 995 1314; baseline -0.013 -15"><span class='ocrx_word' id='word_1_67' title='bbox 211 1247 286 1301; x_wconf 92' lang='lat' dir='ltr'><strong>sione</strong></span> <span class='ocrx_word' id='word_1_68' title='bbox 304 1242 429 1314; x_wconf 86' lang='lat' dir='ltr'><strong>manavit)</strong></span> <span class='ocrx_word' id='word_1_69' title='bbox 443 1249 577 1296; x_wconf 75' lang='lat' dir='ltr'><strong>auctorem</strong></span> <span class='ocrx_word' id='word_1_70' title='bbox 596 1240 725 1293; x_wconf 90' lang='lat' dir='ltr'><strong>malorum</strong></span> <span class='ocrx_word' id='word_1_71' title='bbox 743 1239 791 1308; x_wconf 80' lang='grc'><strong>(5),</strong></span> <span class='ocrx_word' id='word_1_72' title='bbox 805 1237 894 1302; x_wconf 85' lang='lat' dir='ltr'><strong>idest,</strong></span> <span class='ocrx_word' id='word_1_73' title='bbox 911 1235 995 1289; x_wconf 87' lang='lat' dir='ltr'><strong>scele-</strong></span> 
     </span>
     <span class='ocr_line' id='line_1_12' title="bbox 194 1319 998 1405; baseline -0.011 -16"><span class='ocrx_word' id='word_1_74' title='bbox 194 1349 196 1362; x_wconf 71' lang='grc'>’</span> <span class='ocrx_word' id='word_1_75' title='bbox 213 1319 281 1394; x_wconf 86' lang='lat' dir='ltr'><strong>rum.</strong></span> <span class='ocrx_word' id='word_1_76' title='bbox 292 1336 466 1405; x_wconf 72' lang='lat' dir='ltr'><strong>impietatum,</strong></span> <span class='ocrx_word' id='word_1_77' title='bbox 476 1331 685 1402; x_wconf 78' lang='lat' dir='ltr'><strong>flagitiorumque</strong></span> <span class='ocrx_word' id='word_1_78' title='bbox 697 1340 847 1384; x_wconf 88' lang='lat' dir='ltr'><strong>nostrorum</strong></span> <span class='ocrx_word' id='word_1_79' title='bbox 860 1341 940 1381; x_wconf 90' lang='lat' dir='ltr'><strong>ausus</strong></span> <span class='ocrx_word' id='word_1_80' title='bbox 956 1335 998 1380; x_wconf 90' lang='lat' dir='ltr'><strong>est</strong></span> 
     </span>
     <span class='ocr_line' id='line_1_13' title="bbox 211 1411 996 1487; baseline -0.013 -10"><span class='ocrx_word' id='word_1_81' title='bbox 211 1411 299 1478; x_wconf 83' lang='lat' dir='ltr'><strong>dicere</strong></span> <span class='ocrx_word' id='word_1_82' title='bbox 315 1431 462 1477; x_wconf 78' lang='lat' dir='ltr'><strong>creatorem</strong></span> <span class='ocrx_word' id='word_1_83' title='bbox 478 1421 579 1475; x_wconf 80' lang='lat' dir='ltr'><strong>Deum?</strong></span> <span class='ocrx_word' id='word_1_84' title='bbox 592 1419 694 1487; x_wconf 81' lang='lat' dir='ltr'><strong>Quippe</strong></span> <span class='ocrx_word' id='word_1_85' title='bbox 707 1433 785 1486; x_wconf 91' lang='lat' dir='ltr'><strong>quem</strong></span> <span class='ocrx_word' id='word_1_86' title='bbox 805 1416 905 1470; x_wconf 87' lang='lat' dir='ltr'><strong>adserit</strong></span> <span class='ocrx_word' id='word_1_87' title='bbox 917 1415 996 1469; x_wconf 89' lang='lat' dir='ltr'><strong>talem</strong></span> 
     </span>
     <span class='ocr_line' id='line_1_14' title="bbox 209 1509 997 1580; baseline -0.016 -12"><span class='ocrx_word' id='word_1_88' title='bbox 209 1514 348 1568; x_wconf 91' lang='lat' dir='ltr'><strong>bominum</strong></span> <span class='ocrx_word' id='word_1_89' title='bbox 361 1512 481 1564; x_wconf 89' lang='lat' dir='ltr'><strong>manibus</strong></span> <span class='ocrx_word' id='word_1_90' title='bbox 496 1512 579 1580; x_wconf 91' lang='lat' dir='ltr'><strong>ipsam</strong></span> <span class='ocrx_word' id='word_1_91' title='bbox 601 1509 656 1562; x_wconf 92' lang='lat' dir='ltr'><strong>suis</strong></span> <span class='ocrx_word' id='word_1_92' title='bbox 677 1521 769 1562; x_wconf 88' lang='lat' dir='ltr'><strong>creare</strong></span> <span class='ocrx_word' id='word_1_93' title='bbox 789 1513 919 1570; x_wconf 89' lang='lat' dir='ltr'><strong>naturam,</strong></span> <span class='ocrx_word' id='word_1_94' title='bbox 938 1518 997 1572; x_wconf 83' lang='lat' dir='ltr'><strong>qum</strong></span> 
     </span>
     <span class='ocr_line' id='line_1_15' title="bbox 211 1594 997 1676; baseline -0.011 -22"><span class='ocrx_word' id='word_1_95' title='bbox 211 1602 317 1671; x_wconf 76' lang='lat' dir='ltr'><strong>qtroprio</strong></span> <span class='ocrx_word' id='word_1_96' title='bbox 331 1600 443 1670; x_wconf 93' lang='lat' dir='ltr'><strong>quodam</strong></span> <span class='ocrx_word' id='word_1_97' title='bbox 461 1609 532 1676; x_wconf 76' lang='lat' dir='ltr'><strong>metu</strong></span> <span class='ocrx_word' id='word_1_98' title='bbox 546 1608 573 1654; x_wconf 93' lang='lat' dir='ltr'><strong>et</strong></span> <span class='ocrx_word' id='word_1_99' title='bbox 586 1597 744 1652; x_wconf 75' lang='lat' dir='ltr'><strong>necessarie</strong></span> <span class='ocrx_word' id='word_1_100' title='bbox 757 1594 895 1663; x_wconf 74' lang='lat' dir='ltr'><strong>cuiusdam</strong></span> <span class='ocrx_word' id='word_1_101' title='bbox 909 1594 997 1646; x_wconf 79' lang='lat' dir='ltr'><strong>nolun-</strong></span> 
     </span>
     <span class='ocr_line' id='line_1_16' title="bbox 212 1683 997 1759; baseline -0.01 -15"><span class='ocrx_word' id='word_1_102' title='bbox 212 1691 273 1744; x_wconf 81' lang='lat' dir='ltr'><strong>tntis</strong></span> <span class='ocrx_word' id='word_1_103' title='bbox 286 1689 399 1759; x_wconf 84' lang='lat' dir='ltr'><strong>impulsu</strong></span> <span class='ocrx_word' id='word_1_104' title='bbox 415 1690 479 1743; x_wconf 89' lang='lat' dir='ltr'><strong>nibil</strong></span> <span class='ocrx_word' id='word_1_105' title='bbox 496 1689 567 1743; x_wconf 88' lang='lat' dir='ltr'><strong>aliud</strong></span> <span class='ocrx_word' id='word_1_106' title='bbox 584 1688 681 1756; x_wconf 90' lang='lat' dir='ltr'><strong>possit,</strong></span> <span class='ocrx_word' id='word_1_107' title='bbox 698 1686 762 1739; x_wconf 89' lang='lat' dir='ltr'><strong>nibil</strong></span> <span class='ocrx_word' id='word_1_108' title='bbox 780 1684 850 1737; x_wconf 88' lang='lat' dir='ltr'><strong>aliud</strong></span> <span class='ocrx_word' id='word_1_109' title='bbox 870 1683 933 1737; x_wconf 83' lang='lat' dir='ltr'><strong>telit</strong></span> <span class='ocrx_word' id='word_1_110' title='bbox 947 1683 997 1736; x_wconf 90' lang='lat' dir='ltr'><strong>nisi</strong></span> 
     </span>
     <span class='ocr_line' id='line_1_17' title="bbox 211 1774 999 1850; baseline -0.011 -15"><span class='ocrx_word' id='word_1_111' title='bbox 211 1795 331 1850; x_wconf 89' lang='lat' dir='ltr'><strong>peceare,</strong></span> <span class='ocrx_word' id='word_1_112' title='bbox 346 1780 378 1835; x_wconf 86' lang='lat' dir='ltr'><strong>ed</strong></span> <span class='ocrx_word' id='word_1_113' title='bbox 391 1780 460 1850; x_wconf 86' lang='lat' dir='ltr'><strong>qubd</strong></span> <span class='ocrx_word' id='word_1_114' title='bbox 475 1779 549 1833; x_wconf 86' lang='lat' dir='ltr'><strong>iuriis</strong></span> <span class='ocrx_word' id='word_1_115' title='bbox 563 1779 686 1832; x_wconf 79' lang='lat' dir='ltr'><strong>vitiorum</strong></span> <span class='ocrx_word' id='word_1_116' title='bbox 698 1774 815 1829; x_wconf 77' lang='lat' dir='ltr'><strong>oninium</strong></span> <span class='ocrx_word' id='word_1_117' title='bbox 829 1774 958 1843; x_wconf 74' lang='lat' dir='ltr'><strong>exagitata</strong></span> <span class='ocrx_word' id='word_1_118' title='bbox 972 1781 999 1827; x_wconf 89' lang='lat' dir='ltr'><strong>et</strong></span> 
     </span>
     <span class='ocr_line' id='line_1_18' title="bbox 210 1863 997 1935; baseline -0.008 -14"><span class='ocrx_word' id='word_1_119' title='bbox 210 1868 371 1922; x_wconf 86' lang='lat' dir='ltr'><strong>iuilammata</strong></span> <span class='ocrx_word' id='word_1_120' title='bbox 381 1869 408 1923; x_wconf 92' lang='lat' dir='ltr'><strong>in</strong></span> <span class='ocrx_word' id='word_1_121' title='bbox 417 1869 505 1922; x_wconf 90' lang='lat' dir='ltr'><strong>omnia</strong></span> <span class='ocrx_word' id='word_1_122' title='bbox 516 1865 705 1935; x_wconf 89' lang='lat' dir='ltr'><strong>turpitudinum</strong></span> <span class='ocrx_word' id='word_1_123' title='bbox 713 1863 835 1917; x_wconf 87' lang='lat' dir='ltr'><strong>barathra</strong></span> <span class='ocrx_word' id='word_1_124' title='bbox 842 1864 997 1917; x_wconf 80' lang='lat' dir='ltr'><strong>inexhausta</strong></span> 
     </span>
     <span class='ocr_line' id='line_1_19' title="bbox 210 1950 997 2025; baseline -0.006 -16"><span class='ocrx_word' id='word_1_125' title='bbox 210 1956 352 2024; x_wconf 84' lang='lat' dir='ltr'><strong>eupiditate</strong></span> <span class='ocrx_word' id='word_1_126' title='bbox 368 1957 498 2025; x_wconf 86' lang='lat' dir='ltr'><strong>rapiatur.</strong></span> <span class='ocrx_word' id='word_1_127' title='bbox 514 1956 652 2009; x_wconf 92' lang='lat' dir='ltr'><strong>lnnumera</strong></span> <span class='ocrx_word' id='word_1_128' title='bbox 665 1960 726 2007; x_wconf 92' lang='lat' dir='ltr'><strong>sunt</strong></span> <span class='ocrx_word' id='word_1_129' title='bbox 744 1953 819 2014; x_wconf 91' lang='lat' dir='ltr'><strong>talia,</strong></span> <span class='ocrx_word' id='word_1_130' title='bbox 837 1967 896 2021; x_wconf 82' lang='lat' dir='ltr'><strong>quae</strong></span> <span class='ocrx_word' id='word_1_131' title='bbox 909 1950 997 2006; x_wconf 84' lang='lat' dir='ltr'><strong>bresi-</strong></span> 
     </span>
     <span class='ocr_line' id='line_1_20' title="bbox 210 2041 998 2114; baseline -0.003 -17"><span class='ocrx_word' id='word_1_132' title='bbox 210 2046 271 2099; x_wconf 74' lang='lat' dir='ltr'><strong>ertis</strong></span> <span class='ocrx_word' id='word_1_133' title='bbox 296 2045 383 2099; x_wconf 86' lang='lat' dir='ltr'><strong>studio</strong></span> <span class='ocrx_word' id='word_1_134' title='bbox 406 2045 630 2114; x_wconf 67' lang='lat' dir='ltr'><strong>praetermittimus</strong></span> <span class='ocrx_word' id='word_1_135' title='bbox 645 2059 651 2094; x_wconf 94' lang='lat'>:</span> <span class='ocrx_word' id='word_1_136' title='bbox 666 2041 761 2110; x_wconf 90' lang='lat' dir='ltr'><strong>quibus</strong></span> <span class='ocrx_word' id='word_1_137' title='bbox 784 2049 871 2094; x_wconf 87' lang='lat' dir='ltr'><strong>tamen</strong></span> <span class='ocrx_word' id='word_1_138' title='bbox 895 2042 998 2095; x_wconf 90' lang='lat' dir='ltr'><strong>eunctis</strong></span> 
     </span>
     <span class='ocr_line' id='line_1_21' title="bbox 205 2131 998 2204; baseline -0.003 -17"><span class='ocrx_word' id='word_1_139' title='bbox 205 2135 274 2189; x_wconf 85' lang='lat' dir='ltr'><strong>eatis</strong></span> <span class='ocrx_word' id='word_1_140' title='bbox 298 2135 434 2190; x_wconf 79' lang='lat' dir='ltr'><strong>euidenter</strong></span> <span class='ocrx_word' id='word_1_141' title='bbox 456 2135 645 2204; x_wconf 81' lang='lat' dir='ltr'><strong>perspicueque</strong></span> <span class='ocrx_word' id='word_1_142' title='bbox 671 2139 833 2186; x_wconf 88' lang='lat' dir='ltr'><strong>monstratur</strong></span> <span class='ocrx_word' id='word_1_143' title='bbox 854 2131 905 2185; x_wconf 90' lang='lat' dir='ltr'><strong>boc</strong></span> <span class='ocrx_word' id='word_1_144' title='bbox 929 2131 998 2200; x_wconf 88' lang='lat' dir='ltr'><strong>apud</strong></span> 
     </span>
     <span class='ocr_line' id='line_1_22' title="bbox 211 2219 996 2291; baseline -0.003 -15"><span class='ocrx_word' id='word_1_145' title='bbox 211 2237 305 2277; x_wconf 76' lang='lat' dir='ltr'><strong>onitas</strong></span> <span class='ocrx_word' id='word_1_146' title='bbox 317 2221 372 2277; x_wconf 87' lang='lat' dir='ltr'><strong>iere</strong></span> <span class='ocrx_word' id='word_1_147' title='bbox 383 2222 498 2278; x_wconf 81' lang='lat' dir='ltr'><strong>lraereses</strong></span> <span class='ocrx_word' id='word_1_148' title='bbox 508 2223 582 2291; x_wconf 88' lang='lat' dir='ltr'><strong>quasi</strong></span> <span class='ocrx_word' id='word_1_149' title='bbox 595 2221 714 2276; x_wconf 85' lang='lat' dir='ltr'><strong>solemne</strong></span> <span class='ocrx_word' id='word_1_150' title='bbox 723 2233 783 2273; x_wconf 90' lang='lat' dir='ltr'><strong>esse</strong></span> <span class='ocrx_word' id='word_1_151' title='bbox 795 2234 827 2273; x_wconf 89' lang='lat' dir='ltr'><strong>ac</strong></span> <span class='ocrx_word' id='word_1_152' title='bbox 840 2219 996 2289; x_wconf 75' lang='lat' dir='ltr'><strong>legitimum,</strong></span> 
     </span>
    </p>
   </div>
   <div class='ocr_carea' id='block_1_3' title="bbox 210 2360 998 2706">
    <p class='ocr_par' dir='ltr' id='par_1_3' title="bbox 210 2360 998 2706">
     <span class='ocr_line' id='line_1_23' title="bbox 245 2360 998 2434; baseline -0.004 -17"><span class='ocrx_word' id='word_1_153' title='bbox 245 2363 283 2434; x_wconf 92' lang='grc'><strong>(1)</strong></span> <span class='ocrx_word' id='word_1_154' title='bbox 297 2363 380 2419; x_wconf 87' lang='lat' dir='ltr'><strong>Nemo</strong></span> <span class='ocrx_word' id='word_1_155' title='bbox 400 2379 431 2418; x_wconf 83' lang='lat' dir='ltr'><strong>ex</strong></span> <span class='ocrx_word' id='word_1_156' title='bbox 456 2364 497 2417; x_wconf 91' lang='lat' dir='ltr'><strong>bis</strong></span> <span class='ocrx_word' id='word_1_157' title='bbox 518 2362 647 2416; x_wconf 82' lang='lat' dir='ltr'><strong>l&#39;incentii</strong></span> <span class='ocrx_word' id='word_1_158' title='bbox 660 2360 748 2415; x_wconf 82' lang='lat' dir='ltr'><strong>serbis</strong></span> <span class='ocrx_word' id='word_1_159' title='bbox 769 2360 877 2425; x_wconf 80' lang='lat' dir='ltr'><strong>inierat,</strong></span> <span class='ocrx_word' id='word_1_160' title='bbox 899 2360 998 2415; x_wconf 92' lang='lat' dir='ltr'><strong>nullam</strong></span> 
     </span>
     <span class='ocr_line' id='line_1_24' title="bbox 212 2430 998 2502; baseline -0.001 -15"><span class='ocrx_word' id='word_1_161' title='bbox 212 2447 271 2487; x_wconf 87' lang='lat' dir='ltr'><strong>osse</strong></span> <span class='ocrx_word' id='word_1_162' title='bbox 284 2448 332 2502; x_wconf 89' lang='lat' dir='ltr'><strong>pro</strong></span> <span class='ocrx_word' id='word_1_163' title='bbox 345 2434 513 2502; x_wconf 82' lang='lat' dir='ltr'><strong>peccantibus</strong></span> <span class='ocrx_word' id='word_1_164' title='bbox 536 2431 735 2499; x_wconf 80' lang='lat' dir='ltr'><strong>indulgentiam,</strong></span> <span class='ocrx_word' id='word_1_165' title='bbox 762 2430 998 2499; x_wconf 87' lang='lat' dir='ltr'><strong>remissionemque</strong></span> 
     </span>
     <span class='ocr_line' id='line_1_25' title="bbox 212 2499 996 2567; baseline -0.003 -12"><span class='ocrx_word' id='word_1_166' title='bbox 212 2509 343 2555; x_wconf 75' lang='lat' dir='ltr'><strong>servatam</strong></span> <span class='ocrx_word' id='word_1_167' title='bbox 357 2501 455 2555; x_wconf 81' lang='lat' dir='ltr'><strong>dixisse</strong></span> <span class='ocrx_word' id='word_1_168' title='bbox 468 2501 650 2554; x_wconf 83' lang='lat' dir='ltr'><strong>Noratianum.</strong></span> <span class='ocrx_word' id='word_1_169' title='bbox 666 2499 747 2553; x_wconf 82' lang='lat' dir='ltr'><strong>Error</strong></span> <span class='ocrx_word' id='word_1_170' title='bbox 759 2513 819 2551; x_wconf 89' lang='lat' dir='ltr'><strong>nam</strong></span> <span class='ocrx_word' id='word_1_171' title='bbox 839 2513 872 2552; x_wconf 90' lang='lat' dir='ltr'><strong>ne</strong></span> <span class='ocrx_word' id='word_1_172' title='bbox 885 2500 943 2567; x_wconf 77' lang='lat' dir='ltr'><strong>eins</strong></span> <span class='ocrx_word' id='word_1_173' title='bbox 952 2514 996 2553; x_wconf 90' lang='lat' dir='ltr'><strong>se-</strong></span> 
     </span>
     <span class='ocr_line' id='line_1_26' title="bbox 211 2567 998 2640; baseline 0 -18"><span class='ocrx_word' id='word_1_174' title='bbox 211 2585 294 2638; x_wconf 78' lang='lat' dir='ltr'><strong>quens</strong></span> <span class='ocrx_word' id='word_1_175' title='bbox 308 2570 369 2633; x_wconf 91' lang='lat' dir='ltr'><strong>luit,</strong></span> <span class='ocrx_word' id='word_1_176' title='bbox 391 2586 468 2640; x_wconf 85' lang='lat' dir='ltr'><strong>quern</strong></span> <span class='ocrx_word' id='word_1_177' title='bbox 489 2578 565 2623; x_wconf 85' lang='lat' dir='ltr'><strong>antea</strong></span> <span class='ocrx_word' id='word_1_178' title='bbox 586 2567 739 2622; x_wconf 73' lang='lat' dir='ltr'><strong>defenderat</strong></span> <span class='ocrx_word' id='word_1_179' title='bbox 752 2568 833 2621; x_wconf 88' lang='lat' dir='ltr'><strong>Tertu</strong></span> <span class='ocrx_word' id='word_1_180' title='bbox 854 2568 943 2632; x_wconf 90' lang='lat' dir='ltr'><strong>ianus;</strong></span> <span class='ocrx_word' id='word_1_181' title='bbox 958 2569 998 2622; x_wconf 91' lang='lat' dir='ltr'><strong>in-</strong></span> 
     </span>
     <span class='ocr_line' id='line_1_27' title="bbox 210 2638 997 2706; baseline 0.003 -16"><span class='ocrx_word' id='word_1_182' title='bbox 210 2638 346 2694; x_wconf 78' lang='lat' dir='ltr'><strong>liciebatur</strong></span> <span class='ocrx_word' id='word_1_183' title='bbox 363 2640 443 2693; x_wconf 88' lang='lat' dir='ltr'><strong>luisse</strong></span> <span class='ocrx_word' id='word_1_184' title='bbox 463 2638 588 2693; x_wconf 70' lang='lat' dir='ltr'><strong>Ecclesiae</strong></span> <span class='ocrx_word' id='word_1_185' title='bbox 607 2651 761 2692; x_wconf 89' lang='lat' dir='ltr'><strong>concessam</strong></span> <span class='ocrx_word' id='word_1_186' title='bbox 781 2645 954 2706; x_wconf 86' lang='lat' dir='ltr'><strong>potestatem,</strong></span> <span class='ocrx_word' id='word_1_187' title='bbox 969 2647 997 2692; x_wconf 92' lang='lat' dir='ltr'><strong>ut</strong></span> 
     </span>
    </p>
   </div>
   <div class='ocr_carea' id='block_1_4' title="bbox 209 2704 1003 2777">
    <p class='ocr_par' dir='ltr' id='par_1_4' title="bbox 209 2704 1003 2777">
     <span class='ocr_line' id='line_1_28' title="bbox 209 2704 1003 2777; baseline -0.001 -16"><span class='ocrx_word' id='word_1_188' title='bbox 209 2709 337 2762; x_wconf 83' lang='lat' dir='ltr'><strong>atrociora</strong></span> <span class='ocrx_word' id='word_1_189' title='bbox 354 2708 396 2761; x_wconf 91' lang='lat' dir='ltr'><strong>illa</strong></span> <span class='ocrx_word' id='word_1_190' title='bbox 410 2717 527 2777; x_wconf 89' lang='lat' dir='ltr'><strong>peccata,</strong></span> <span class='ocrx_word' id='word_1_191' title='bbox 543 2708 682 2777; x_wconf 72' lang='lat' dir='ltr'><strong>apostasiae</strong></span> <span class='ocrx_word' id='word_1_192' title='bbox 696 2720 791 2775; x_wconf 88' lang='lat' dir='ltr'><strong>nempe</strong></span> <span class='ocrx_word' id='word_1_193' title='bbox 805 2721 820 2759; x_wconf 89' lang='lat' dir='ltr'><strong>a</strong></span> <span class='ocrx_word' id='word_1_194' title='bbox 835 2704 895 2771; x_wconf 84' lang='lat' dir='ltr'><strong>lide,</strong></span> <span class='ocrx_word' id='word_1_195' title='bbox 911 2707 1003 2770; x_wconf 83' lang='lat' dir='ltr'><strong>bomi-¹</strong></span> 
     </span>
    </p>
   </div>
   <div class='ocr_carea' id='block_1_5' title="bbox 209 2776 996 3193">
    <p class='ocr_par' dir='ltr' id='par_1_5' title="bbox 209 2776 996 3193">
     <span class='ocr_line' id='line_1_29' title="bbox 209 2776 995 2847; baseline 0 -17"><span class='ocrx_word' id='word_1_196' title='bbox 209 2778 282 2842; x_wconf 89' lang='lat' dir='ltr'><strong>cidii,</strong></span> <span class='ocrx_word' id='word_1_197' title='bbox 296 2792 327 2832; x_wconf 91' lang='lat' dir='ltr'><strong>ac</strong></span> <span class='ocrx_word' id='word_1_198' title='bbox 340 2777 529 2840; x_wconf 75' lang='lat' dir='ltr'><strong>fornicationis,</strong></span> <span class='ocrx_word' id='word_1_199' title='bbox 541 2792 626 2847; x_wconf 90' lang='lat' dir='ltr'><strong>perse</strong></span> <span class='ocrx_word' id='word_1_200' title='bbox 639 2776 794 2839; x_wconf 90' lang='lat' dir='ltr'><strong>remitteret,</strong></span> <span class='ocrx_word' id='word_1_201' title='bbox 810 2790 891 2844; x_wconf 91' lang='lat' dir='ltr'><strong>quum</strong></span> <span class='ocrx_word' id='word_1_202' title='bbox 905 2777 995 2831; x_wconf 89' lang='lat' dir='ltr'><strong>talium</strong></span> 
     </span>
     <span class='ocr_line' id='line_1_30' title="bbox 209 2844 996 2902; baseline 0.003 -3"><span class='ocrx_word' id='word_1_203' title='bbox 209 2846 365 2902; x_wconf 89' lang='lat' dir='ltr'><strong>delictorum</strong></span> <span class='ocrx_word' id='word_1_204' title='bbox 378 2848 453 2902; x_wconf 83' lang='lat' dir='ltr'><strong>reuia</strong></span> <span class='ocrx_word' id='word_1_205' title='bbox 468 2856 540 2902; x_wconf 91' lang='lat' dir='ltr'><strong>esset</strong></span> <span class='ocrx_word' id='word_1_206' title='bbox 559 2846 607 2901; x_wconf 90' lang='lat' dir='ltr'><strong>soli</strong></span> <span class='ocrx_word' id='word_1_207' title='bbox 626 2846 682 2900; x_wconf 84' lang='lat' dir='ltr'><strong>Deo</strong></span> <span class='ocrx_word' id='word_1_208' title='bbox 694 2853 836 2900; x_wconf 81' lang='lat' dir='ltr'><strong>reservata.</strong></span> <span class='ocrx_word' id='word_1_209' title='bbox 853 2844 927 2900; x_wconf 84' lang='lat' dir='ltr'><strong>Unde</strong></span> <span class='ocrx_word' id='word_1_210' title='bbox 942 2854 996 2901; x_wconf 88' lang='lat' dir='ltr'><strong>sta-</strong></span> 
     </span>
     <span class='ocr_line' id='line_1_31' title="bbox 209 2915 993 2988; baseline 0.003 -19"><span class='ocrx_word' id='word_1_211' title='bbox 209 2917 343 2971; x_wconf 90' lang='lat' dir='ltr'><strong>tuebatdc</strong></span> <span class='ocrx_word' id='word_1_212' title='bbox 357 2917 407 2971; x_wconf 89' lang='lat' dir='ltr'><strong>illis</strong></span> <span class='ocrx_word' id='word_1_213' title='bbox 426 2925 552 2988; x_wconf 89' lang='lat' dir='ltr'><strong>perpetuo</strong></span> <span class='ocrx_word' id='word_1_214' title='bbox 574 2915 702 2986; x_wconf 80' lang='lat' dir='ltr'><strong>agendam</strong></span> <span class='ocrx_word' id='word_1_215' title='bbox 721 2929 781 2969; x_wconf 89' lang='lat' dir='ltr'><strong>esse</strong></span> <span class='ocrx_word' id='word_1_216' title='bbox 802 2915 993 2983; x_wconf 74' lang='lat' dir='ltr'><strong>penitentiam.</strong></span> 
     </span>
     <span class='ocr_line' id='line_1_32' title="bbox 209 2984 995 3055; baseline -0.001 -16"><span class='ocrx_word' id='word_1_217' title='bbox 209 2985 488 3041; x_wconf 85' lang='lat' dir='ltr'><strong>Pronrinoribusvero</strong></span> <span class='ocrx_word' id='word_1_218' title='bbox 516 2986 612 3040; x_wconf 85' lang='lat' dir='ltr'><strong>coeatis</strong></span> <span class='ocrx_word' id='word_1_219' title='bbox 621 2984 728 3055; x_wconf 76' lang='lat' dir='ltr'><strong>agnovit</strong></span> <span class='ocrx_word' id='word_1_220' title='bbox 737 2984 763 3036; x_wconf 94' lang='lat' dir='ltr'><strong>in</strong></span> <span class='ocrx_word' id='word_1_221' title='bbox 773 2984 891 3038; x_wconf 88' lang='lat' dir='ltr'><strong>Ecclesia</strong></span> <span class='ocrx_word' id='word_1_222' title='bbox 904 2984 995 3039; x_wconf 88' lang='lat' dir='ltr'><strong>dimit-</strong></span> 
     </span>
     <span class='ocr_line' id='line_1_33' title="bbox 209 3002 992 3125; baseline 0 -17"><span class='ocrx_word' id='word_1_223' title='bbox 209 3055 281 3109; x_wconf 90' lang='lat' dir='ltr'><strong>tendi</strong></span> <span class='ocrx_word' id='word_1_224' title='bbox 289 3055 447 3110; x_wconf 82' lang='lat' dir='ltr'><strong>facultatem.</strong></span> <span class='ocrx_word' id='word_1_225' title='bbox 457 3002 794 3119; x_wconf 62' lang='lat' dir='ltr'><strong>VidePemvium,mm.rv.</strong></span> <span class='ocrx_word' id='word_1_226' title='bbox 804 3053 992 3125; x_wconf 81' lang='lat' dir='ltr'><strong>Tbcol.dogm.</strong></span> 
     </span>
     <span class='ocr_line' id='line_1_34' title="bbox 209 3123 748 3193; baseline -0.002 -17"><span class='ocrx_word' id='word_1_227' title='bbox 209 3123 255 3177; x_wconf 88' lang='lat' dir='ltr'><strong>lib.</strong></span> <span class='ocrx_word' id='word_1_228' title='bbox 270 3125 296 3178; x_wconf 72' lang='grc' dir='ltr'><strong>ὅ.</strong></span> <span class='ocrx_word' id='word_1_229' title='bbox 312 3124 383 3178; x_wconf 84' lang='lat' dir='ltr'><strong>Ecel.</strong></span> <span class='ocrx_word' id='word_1_230' title='bbox 398 3124 500 3178; x_wconf 89' lang='lat' dir='ltr'><strong>llierar.</strong></span> <span class='ocrx_word' id='word_1_231' title='bbox 511 3139 570 3193; x_wconf 85' lang='lat' dir='ltr'><strong>cap.</strong></span> <span class='ocrx_word' id='word_1_232' title='bbox 587 3124 620 3177; x_wconf 63' lang='lat' dir='ltr'><strong>li</strong></span> <span class='ocrx_word' id='word_1_233' title='bbox 632 3139 705 3177; x_wconf 90' lang='lat' dir='ltr'><strong>num.</strong></span> <span class='ocrx_word' id='word_1_234' title='bbox 721 3123 748 3176; x_wconf 87' lang='grc'><strong>6.</strong></span> 
     </span>
    </p>
   </div>
   <div class='ocr_carea' id='block_1_6' title="bbox 244 3191 995 3313">
    <p class='ocr_par' dir='ltr' id='par_1_6' title="bbox 244 3191 995 3313">
     <span class='ocr_line' id='line_1_35' title="bbox 244 3191 995 3313; baseline 0.003 -67"><span class='ocrx_word' id='word_1_235' title='bbox 244 3192 283 3261; x_wconf 72' lang='grc'><strong>(2)</strong></span> <span class='ocrx_word' id='word_1_236' title='bbox 299 3191 414 3247; x_wconf 86' lang='lat' dir='ltr'><strong>Simonis</strong></span> <span class='ocrx_word' id='word_1_237' title='bbox 428 3193 540 3313; x_wconf 70' lang='lat' dir='ltr'><strong>impura,</strong></span> <span class='ocrx_word' id='word_1_238' title='bbox 555 3202 583 3247; x_wconf 88' lang='lat' dir='ltr'><strong>et</strong></span> <span class='ocrx_word' id='word_1_239' title='bbox 601 3191 712 3247; x_wconf 75' lang='lat' dir='ltr'><strong>nefanda</strong></span> <span class='ocrx_word' id='word_1_240' title='bbox 725 3191 856 3262; x_wconf 74' lang='lat' dir='ltr'><strong>dogmata,</strong></span> <span class='ocrx_word' id='word_1_241' title='bbox 870 3207 929 3262; x_wconf 77' lang='lat' dir='ltr'><strong>quae</strong></span> <span class='ocrx_word' id='word_1_242' title='bbox 943 3192 995 3248; x_wconf 91' lang='lat' dir='ltr'><strong>late</strong></span> 
     </span>
    </p>
   </div>
   <div class='ocr_carea' id='block_1_7' title="bbox 158 3260 994 4212">
    <p class='ocr_par' dir='ltr' id='par_1_7' title="bbox 208 3260 993 3399">
     <span class='ocr_line' id='line_1_36' title="bbox 208 3260 444 3316; baseline 0.008 -3"><span class='ocrx_word' id='word_1_243' title='bbox 208 3260 394 3316; x_wconf 89' lang='lat' dir='ltr'><strong>describuntur</strong></span> <span class='ocrx_word' id='word_1_244' title='bbox 410 3261 444 3315; x_wconf 87' lang='lat' dir='ltr'><strong>ab</strong></span> 
     </span>
     <span class='ocr_line' id='line_1_37' title="bbox 208 3328 993 3399; baseline 0.003 -18"><span class='ocrx_word' id='word_1_245' title='bbox 208 3329 350 3399; x_wconf 87' lang='lat' dir='ltr'><strong>discipulos</strong></span> <span class='ocrx_word' id='word_1_246' title='bbox 358 3328 560 3399; x_wconf 76' lang='lat' dir='ltr'><strong>defensoresque</strong></span> <span class='ocrx_word' id='word_1_247' title='bbox 573 3331 670 3384; x_wconf 88' lang='lat' dir='ltr'><strong>multos</strong></span> <span class='ocrx_word' id='word_1_248' title='bbox 682 3337 758 3383; x_wconf 88' lang='lat' dir='ltr'><strong>nacta</strong></span> <span class='ocrx_word' id='word_1_249' title='bbox 772 3338 843 3392; x_wconf 90' lang='lat' dir='ltr'><strong>sunt,</strong></span> <span class='ocrx_word' id='word_1_250' title='bbox 860 3339 889 3384; x_wconf 92' lang='lat' dir='ltr'><strong>ut</strong></span> <span class='ocrx_word' id='word_1_251' title='bbox 901 3330 993 3384; x_wconf 87' lang='lat' dir='ltr'><strong>Satur-</strong></span> 
     </span>
    </p>

    <p class='ocr_par' dir='ltr' id='par_1_8' title="bbox 174 3398 994 4012">
     <span class='ocr_line' id='line_1_38' title="bbox 174 3398 994 3468; baseline 0.004 -17"><span class='ocrx_word' id='word_1_252' title='bbox 174 3429 179 3438; x_wconf 86' lang='lat'><strong>·</strong></span> <span class='ocrx_word' id='word_1_253' title='bbox 209 3399 310 3465; x_wconf 92' lang='lat' dir='ltr'><strong>ninum,</strong></span> <span class='ocrx_word' id='word_1_254' title='bbox 325 3399 475 3462; x_wconf 80' lang='lat' dir='ltr'><strong>basilidem,</strong></span> <span class='ocrx_word' id='word_1_255' title='bbox 493 3399 623 3468; x_wconf 80' lang='lat' dir='ltr'><strong>hujusque</strong></span> <span class='ocrx_word' id='word_1_256' title='bbox 635 3398 703 3452; x_wconf 83' lang='lat' dir='ltr'><strong>lilios</strong></span> <span class='ocrx_word' id='word_1_257' title='bbox 719 3399 892 3468; x_wconf 81' lang='lat' dir='ltr'><strong>Epiphanem,</strong></span> <span class='ocrx_word' id='word_1_258' title='bbox 907 3409 934 3454; x_wconf 90' lang='lat' dir='ltr'><strong>et</strong></span> <span class='ocrx_word' id='word_1_259' title='bbox 948 3401 994 3454; x_wconf 92' lang='lat' dir='ltr'><strong>lsi·</strong></span> 
     </span>
     <span class='ocr_line' id='line_1_39' title="bbox 208 3467 992 3536; baseline 0.003 -16"><span class='ocrx_word' id='word_1_260' title='bbox 208 3468 312 3521; x_wconf 91' lang='lat' dir='ltr'><strong>dorum.</strong></span> <span class='ocrx_word' id='word_1_261' title='bbox 326 3469 442 3535; x_wconf 85' lang='lat' dir='ltr'><strong>Qtrorum</strong></span> <span class='ocrx_word' id='word_1_262' title='bbox 462 3468 578 3522; x_wconf 89' lang='lat' dir='ltr'><strong>inleliees</strong></span> <span class='ocrx_word' id='word_1_263' title='bbox 597 3467 715 3521; x_wconf 81' lang='lat' dir='ltr'><strong>lrmrcdes</strong></span> <span class='ocrx_word' id='word_1_264' title='bbox 737 3468 861 3522; x_wconf 83' lang='lat' dir='ltr'><strong>exstitere</strong></span> <span class='ocrx_word' id='word_1_265' title='bbox 875 3468 992 3536; x_wconf 84' lang='lat' dir='ltr'><strong>Cerdon,</strong></span> 
     </span>
     <span class='ocr_line' id='line_1_40' title="bbox 208 3537 994 3603; baseline 0.008 -14"><span class='ocrx_word' id='word_1_266' title='bbox 208 3547 236 3590; x_wconf 84' lang='lat' dir='ltr'><strong>et</strong></span> <span class='ocrx_word' id='word_1_267' title='bbox 248 3537 376 3602; x_wconf 80' lang='lat' dir='ltr'><strong>Marcion,</strong></span> <span class='ocrx_word' id='word_1_268' title='bbox 397 3552 429 3591; x_wconf 86' lang='lat' dir='ltr'><strong>ae</strong></span> <span class='ocrx_word' id='word_1_269' title='bbox 443 3538 521 3592; x_wconf 88' lang='lat' dir='ltr'><strong>terlio</strong></span> <span class='ocrx_word' id='word_1_270' title='bbox 535 3537 659 3592; x_wconf 79' lang='lat' dir='ltr'><strong>Ecclesiae</strong></span> <span class='ocrx_word' id='word_1_271' title='bbox 680 3537 768 3591; x_wconf 90' lang='lat' dir='ltr'><strong>seculo</strong></span> <span class='ocrx_word' id='word_1_272' title='bbox 788 3537 938 3603; x_wconf 79' lang='lat' dir='ltr'><strong>llarricbaei;</strong></span> <span class='ocrx_word' id='word_1_273' title='bbox 953 3538 994 3595; x_wconf 91' lang='lat' dir='ltr'><strong>lris</strong></span> 
     </span>
     <span class='ocr_line' id='line_1_41' title="bbox 207 3606 994 3677; baseline 0.003 -18"><span class='ocrx_word' id='word_1_274' title='bbox 207 3622 358 3662; x_wconf 85' lang='lat' dir='ltr'><strong>successere</strong></span> <span class='ocrx_word' id='word_1_275' title='bbox 366 3606 652 3676; x_wconf 81' lang='lat' dir='ltr'><strong>Priscilliaaistae,quos</strong></span> <span class='ocrx_word' id='word_1_276' title='bbox 659 3606 860 3660; x_wconf 83' lang='lat' dir='ltr'><strong>llaniebmorum</strong></span> <span class='ocrx_word' id='word_1_277' title='bbox 868 3616 994 3677; x_wconf 81' lang='lat' dir='ltr'><strong>cognatos</strong></span> 
     </span>
     <span class='ocr_line' id='line_1_42' title="bbox 207 3675 993 3746; baseline 0.006 -18"><span class='ocrx_word' id='word_1_278' title='bbox 207 3676 321 3745; x_wconf 89' lang='lat' dir='ltr'><strong>appellat</strong></span> <span class='ocrx_word' id='word_1_279' title='bbox 333 3676 362 3731; x_wconf 89' lang='lat' dir='ltr'><strong>S.</strong></span> <span class='ocrx_word' id='word_1_280' title='bbox 374 3676 427 3730; x_wconf 83' lang='lat' dir='ltr'><strong>Leo</strong></span> <span class='ocrx_word' id='word_1_281' title='bbox 442 3677 467 3729; x_wconf 91' lang='lat' dir='ltr'><strong>in</strong></span> <span class='ocrx_word' id='word_1_282' title='bbox 477 3678 592 3745; x_wconf 84' lang='lat' dir='ltr'><strong>cpolim</strong></span> <span class='ocrx_word' id='word_1_283' title='bbox 606 3676 650 3742; x_wconf 76' lang='lat'><strong>93,</strong></span> <span class='ocrx_word' id='word_1_284' title='bbox 666 3690 736 3729; x_wconf 92' lang='lat' dir='ltr'><strong>nunc</strong></span> <span class='ocrx_word' id='word_1_285' title='bbox 749 3675 792 3741; x_wconf 83' lang='grc'><strong>15,</strong></span> <span class='ocrx_word' id='word_1_286' title='bbox 806 3691 865 3746; x_wconf 78' lang='lat' dir='ltr'><strong>mp.</strong></span> <span class='ocrx_word' id='word_1_287' title='bbox 880 3677 907 3731; x_wconf 78' lang='lat' dir='ltr'><strong>l.</strong></span> <span class='ocrx_word' id='word_1_288' title='bbox 920 3677 993 3733; x_wconf 80' lang='lat' dir='ltr'><strong>Unde</strong></span> 
     </span>
     <span class='ocr_line' id='line_1_43' title="bbox 208 3745 991 3816; baseline 0.006 -18"><span class='ocrx_word' id='word_1_289' title='bbox 208 3745 322 3814; x_wconf 68' lang='lat' dir='ltr'><strong>lbersper</strong></span> <span class='ocrx_word' id='word_1_290' title='bbox 332 3747 357 3799; x_wconf 93' lang='lat' dir='ltr'><strong>in</strong></span> <span class='ocrx_word' id='word_1_291' title='bbox 368 3745 539 3800; x_wconf 84' lang='lat' dir='ltr'><strong>Cbrorricoad</strong></span> <span class='ocrx_word' id='word_1_292' title='bbox 549 3745 623 3801; x_wconf 84' lang='lat' dir='ltr'><strong>Coss.</strong></span> <span class='ocrx_word' id='word_1_293' title='bbox 635 3746 790 3809; x_wconf 76' lang='lat' dir='ltr'><strong>Ausonium,</strong></span> <span class='ocrx_word' id='word_1_294' title='bbox 803 3754 830 3800; x_wconf 89' lang='lat' dir='ltr'><strong>et</strong></span> <span class='ocrx_word' id='word_1_295' title='bbox 838 3745 991 3816; x_wconf 80' lang='lat' dir='ltr'><strong>olybrium:</strong></span> 
     </span>
     <span class='ocr_line' id='line_1_44' title="bbox 207 3813 993 3885; baseline 0.006 -18"><span class='ocrx_word' id='word_1_296' title='bbox 207 3814 248 3867; x_wconf 72' lang='lat' dir='ltr'><strong>Ea</strong></span> <span class='ocrx_word' id='word_1_297' title='bbox 262 3825 406 3885; x_wconf 74' lang='lat' dir='ltr'><strong>nrrrpcstate</strong></span> <span class='ocrx_word' id='word_1_298' title='bbox 419 3815 595 3869; x_wconf 73' lang='lat' dir='ltr'><strong>Priscillianus</strong></span> <span class='ocrx_word' id='word_1_299' title='bbox 609 3814 750 3885; x_wconf 74' lang='lat' dir='ltr'><strong>Episcopus</strong></span> <span class='ocrx_word' id='word_1_300' title='bbox 764 3815 796 3868; x_wconf 88' lang='lat' dir='ltr'><strong>de</strong></span> <span class='ocrx_word' id='word_1_301' title='bbox 808 3813 942 3880; x_wconf 73' lang='lat' dir='ltr'><strong>calteria,</strong></span> <span class='ocrx_word' id='word_1_302' title='bbox 962 3834 993 3872; x_wconf 74' lang='lat' dir='ltr'><strong>aa</strong></span> 
     </span>
     <span class='ocr_line' id='line_1_45' title="bbox 208 3882 992 3954; baseline 0.006 -19"><span class='ocrx_word' id='word_1_303' title='bbox 208 3882 406 3938; x_wconf 77' lang='lat' dir='ltr'><strong>Manieboeorunt</strong></span> <span class='ocrx_word' id='word_1_304' title='bbox 415 3895 438 3939; x_wconf 87' lang='lat' dir='ltr'><strong>et</strong></span> <span class='ocrx_word' id='word_1_305' title='bbox 446 3885 620 3938; x_wconf 79' lang='lat' dir='ltr'><strong>Gnosticorum</strong></span> <span class='ocrx_word' id='word_1_306' title='bbox 629 3885 753 3954; x_wconf 83' lang='lat' dir='ltr'><strong>doqmate‚</strong></span> <span class='ocrx_word' id='word_1_307' title='bbox 762 3884 876 3938; x_wconf 81' lang='lat' dir='ltr'><strong>taerestn</strong></span> <span class='ocrx_word' id='word_1_308' title='bbox 885 3886 992 3941; x_wconf 84' lang='lat' dir='ltr'><strong>nontinis</strong></span> 
     </span>
     <span class='ocr_line' id='line_1_46' title="bbox 206 3953 992 4012; baseline 0.01 -8"><span class='ocrx_word' id='word_1_309' title='bbox 206 3953 247 4005; x_wconf 80' lang='lat' dir='ltr'><strong>sui</strong></span> <span class='ocrx_word' id='word_1_310' title='bbox 259 3953 379 4008; x_wconf 87' lang='lat' dir='ltr'><strong>condidit.</strong></span> <span class='ocrx_word' id='word_1_311' title='bbox 394 3954 533 4010; x_wconf 88' lang='lat' dir='ltr'><strong>Gnostieos</strong></span> <span class='ocrx_word' id='word_1_312' title='bbox 545 3962 633 4007; x_wconf 90' lang='lat' dir='ltr'><strong>autem</strong></span> <span class='ocrx_word' id='word_1_313' title='bbox 647 3969 663 4006; x_wconf 98' lang='lat' dir='ltr'><strong>a</strong></span> <span class='ocrx_word' id='word_1_314' title='bbox 675 3953 783 4008; x_wconf 86' lang='lat' dir='ltr'><strong>Simone</strong></span> <span class='ocrx_word' id='word_1_315' title='bbox 803 3969 850 4009; x_wconf 91' lang='lat' dir='ltr'><strong>sua</strong></span> <span class='ocrx_word' id='word_1_316' title='bbox 869 3954 992 4012; x_wconf 87' lang='lat' dir='ltr'><strong>habuisse</strong></span> 
     </span>
    </p>

    <p class='ocr_par' dir='ltr' id='par_1_9' title="bbox 158 4017 593 4078">
     <span class='ocr_line' id='line_1_47' title="bbox 158 4017 593 4078; baseline 0.002 -3"><span class='ocrx_word' id='word_1_317' title='bbox 158 4017 165 4032; x_wconf 89' lang='lat'>&#39;</span> <span class='ocrx_word' id='word_1_318' title='bbox 207 4023 314 4076; x_wconf 82' lang='lat' dir='ltr'><strong>exordia</strong></span> <span class='ocrx_word' id='word_1_319' title='bbox 330 4025 404 4078; x_wconf 86' lang='lat' dir='ltr'><strong>testis</strong></span> <span class='ocrx_word' id='word_1_320' title='bbox 416 4032 458 4078; x_wconf 82' lang='lat' dir='ltr'><strong>est</strong></span> <span class='ocrx_word' id='word_1_321' title='bbox 469 4022 593 4077; x_wconf 72' lang='lat' dir='ltr'><strong>irenaeus.</strong></span> 
     </span>
    </p>

    <p class='ocr_par' dir='ltr' id='par_1_10' title="bbox 242 4091 992 4212">
     <span class='ocr_line' id='line_1_48' title="bbox 242 4091 992 4212; baseline 0.009 -68"><span class='ocrx_word' id='word_1_322' title='bbox 242 4091 280 4158; x_wconf 78' lang='lat'><strong>(5)</strong></span> <span class='ocrx_word' id='word_1_323' title='bbox 299 4091 411 4161; x_wconf 85' lang='lat' dir='ltr'><strong>Optasse</strong></span> <span class='ocrx_word' id='word_1_324' title='bbox 429 4092 564 4147; x_wconf 84' lang='lat' dir='ltr'><strong>Simonem</strong></span> <span class='ocrx_word' id='word_1_325' title='bbox 584 4100 707 4212; x_wconf 65' lang='lat' dir='ltr'><strong>tanquam</strong></span> <span class='ocrx_word' id='word_1_326' title='bbox 721 4092 804 4148; x_wconf 79' lang='lat' dir='ltr'><strong>licum</strong></span> <span class='ocrx_word' id='word_1_327' title='bbox 822 4093 856 4147; x_wconf 93' lang='lat' dir='ltr'><strong>ab</strong></span> <span class='ocrx_word' id='word_1_328' title='bbox 869 4094 992 4151; x_wconf 88' lang='lat' dir='ltr'><strong>omnibus</strong></span> 
     </span>
    </p>
   </div>
   <div class='ocr_carea' id='block_1_8' title="bbox 475 3260 992 3332">
    <p class='ocr_par' dir='ltr' id='par_1_11' title="bbox 475 3260 992 3332">
     <span class='ocr_line' id='line_1_49' title="bbox 475 3260 992 3332; baseline 0.004 -17"><span class='ocrx_word' id='word_1_329' title='bbox 475 3277 577 3326; x_wconf 84' lang='lat' dir='ltr'><strong>remeo,</strong></span> <span class='ocrx_word' id='word_1_330' title='bbox 592 3260 755 3332; x_wconf 83' lang='lat' dir='ltr'><strong>Epiphanio,</strong></span> <span class='ocrx_word' id='word_1_331' title='bbox 772 3271 800 3315; x_wconf 93' lang='lat' dir='ltr'><strong>et</strong></span> <span class='ocrx_word' id='word_1_332' title='bbox 812 3261 992 3327; x_wconf 88' lang='lat' dir='ltr'><strong>Theodoretu,</strong></span> 
     </span>
    </p>
   </div>
   <div class='ocr_carea' id='block_1_9' title="bbox 206 4160 1016 4230">
    <p class='ocr_par' dir='ltr' id='par_1_12' title="bbox 206 4160 1016 4230">
     <span class='ocr_line' id='line_1_50' title="bbox 206 4160 1016 4230; baseline 0.009 -18"><span class='ocrx_word' id='word_1_333' title='bbox 206 4160 356 4228; x_wconf 74' lang='lat' dir='ltr'><strong>plurilicari,</strong></span> <span class='ocrx_word' id='word_1_334' title='bbox 371 4176 386 4214; x_wconf 89' lang='lat' dir='ltr'><strong>a</strong></span> <span class='ocrx_word' id='word_1_335' title='bbox 399 4160 539 4230; x_wconf 89' lang='lat' dir='ltr'><strong>multisque</strong></span> <span class='ocrx_word' id='word_1_336' title='bbox 551 4175 599 4229; x_wconf 91' lang='lat' dir='ltr'><strong>pro</strong></span> <span class='ocrx_word' id='word_1_337' title='bbox 608 4168 634 4214; x_wconf 90' lang='lat' dir='ltr'><strong>ta</strong></span> <span class='ocrx_word' id='word_1_338' title='bbox 645 4161 653 4212; x_wconf 95' lang='lat' dir='ltr'><strong>i</strong></span> <span class='ocrx_word' id='word_1_339' title='bbox 663 4160 791 4224; x_wconf 86' lang='lat' dir='ltr'><strong>habitum,</strong></span> <span class='ocrx_word' id='word_1_340' title='bbox 802 4162 877 4216; x_wconf 86' lang='lat' dir='ltr'><strong>testis</strong></span> <span class='ocrx_word' id='word_1_341' title='bbox 886 4172 926 4217; x_wconf 88' lang='lat' dir='ltr'><strong>est</strong></span> <span class='ocrx_word' id='word_1_342' title='bbox 936 4162 991 4220; x_wconf 82' lang='lat' dir='ltr'><strong>lte·</strong></span> <span class='ocrx_word' id='word_1_343' title='bbox 1014 4188 1016 4191; x_wconf 48' lang='lat'>&gt;</span> 
     </span>
    </p>
   </div>
   <div class='ocr_carea' id='block_1_10' title="bbox 205 4229 991 5675">
    <p class='ocr_par' dir='ltr' id='par_1_13' title="bbox 205 4229 991 5406">
     <span class='ocr_line' id='line_1_51' title="bbox 207 4229 991 4298; baseline 0.009 -17"><span class='ocrx_word' id='word_1_344' title='bbox 207 4244 280 4283; x_wconf 75' lang='lat' dir='ltr'><strong>tracus</strong></span> <span class='ocrx_word' id='word_1_345' title='bbox 295 4230 340 4283; x_wconf 92' lang='lat' dir='ltr'><strong>lib.</strong></span> <span class='ocrx_word' id='word_1_346' title='bbox 356 4230 381 4283; x_wconf 94' lang='grc'><strong>1.</strong></span> <span class='ocrx_word' id='word_1_347' title='bbox 395 4229 455 4284; x_wconf 84' lang='lat' dir='ltr'><strong>adv.</strong></span> <span class='ocrx_word' id='word_1_348' title='bbox 470 4230 534 4282; x_wconf 79' lang='lat' dir='ltr'><strong>bar.</strong></span> <span class='ocrx_word' id='word_1_349' title='bbox 548 4244 607 4298; x_wconf 84' lang='lat' dir='ltr'><strong>cap.</strong></span> <span class='ocrx_word' id='word_1_350' title='bbox 620 4229 655 4283; x_wconf 72' lang='lat'><strong>20</strong></span> <span class='ocrx_word' id='word_1_351' title='bbox 667 4244 700 4283; x_wconf 82' lang='lat' dir='ltr'><strong>ex</strong></span> <span class='ocrx_word' id='word_1_352' title='bbox 715 4229 783 4282; x_wconf 80' lang='lat' dir='ltr'><strong>Edit.</strong></span> <span class='ocrx_word' id='word_1_353' title='bbox 799 4231 915 4296; x_wconf 82' lang='lat' dir='ltr'><strong>Erasmi;</strong></span> <span class='ocrx_word' id='word_1_354' title='bbox 930 4232 991 4289; x_wconf 90' lang='lat' dir='ltr'><strong>binc</strong></span> 
     </span>
     <span class='ocr_line' id='line_1_52' title="bbox 207 4297 991 4368; baseline 0.011 -19"><span class='ocrx_word' id='word_1_355' title='bbox 207 4312 259 4349; x_wconf 90' lang='lat' dir='ltr'><strong>nou</strong></span> <span class='ocrx_word' id='word_1_356' title='bbox 274 4297 339 4352; x_wconf 90' lang='lat' dir='ltr'><strong>adeo</strong></span> <span class='ocrx_word' id='word_1_357' title='bbox 353 4297 427 4353; x_wconf 86' lang='lat' dir='ltr'><strong>laeile</strong></span> <span class='ocrx_word' id='word_1_358' title='bbox 441 4299 535 4368; x_wconf 85' lang='lat' dir='ltr'><strong>exponi</strong></span> <span class='ocrx_word' id='word_1_359' title='bbox 557 4306 660 4367; x_wconf 85' lang='lat' dir='ltr'><strong>potest,</strong></span> <span class='ocrx_word' id='word_1_360' title='bbox 712 4299 808 4354; x_wconf 92' lang='lat' dir='ltr'><strong>omodo</strong></span> <span class='ocrx_word' id='word_1_361' title='bbox 820 4299 926 4366; x_wconf 80' lang='lat' dir='ltr'><strong>dixerit,</strong></span> <span class='ocrx_word' id='word_1_362' title='bbox 943 4302 991 4358; x_wconf 82' lang='lat' dir='ltr'><strong>[lei</strong></span> 
     </span>
     <span class='ocr_line' id='line_1_53' title="bbox 206 4367 991 4438; baseline 0.009 -19"><span class='ocrx_word' id='word_1_363' title='bbox 206 4368 333 4422; x_wconf 76' lang='lat' dir='ltr'><strong>erentcrris</strong></span> <span class='ocrx_word' id='word_1_364' title='bbox 348 4369 461 4438; x_wconf 89' lang='lat' dir='ltr'><strong>impulsu</strong></span> <span class='ocrx_word' id='word_1_365' title='bbox 478 4378 505 4423; x_wconf 90' lang='lat' dir='ltr'><strong>ct</strong></span> <span class='ocrx_word' id='word_1_366' title='bbox 518 4368 675 4422; x_wconf 85' lang='lat' dir='ltr'><strong>necessitate</strong></span> <span class='ocrx_word' id='word_1_367' title='bbox 696 4369 750 4422; x_wconf 92' lang='lat' dir='ltr'><strong>erri</strong></span> <span class='ocrx_word' id='word_1_368' title='bbox 762 4367 882 4423; x_wconf 82' lang='lat' dir='ltr'><strong>homines</strong></span> <span class='ocrx_word' id='word_1_369' title='bbox 892 4371 991 4426; x_wconf 88' lang='lat' dir='ltr'><strong>adma-</strong></span> 
     </span>
     <span class='ocr_line' id='line_1_54' title="bbox 207 4435 991 4509; baseline 0.011 -21"><span class='ocrx_word' id='word_1_370' title='bbox 207 4435 271 4489; x_wconf 92' lang='lat' dir='ltr'><strong>lum.</strong></span> <span class='ocrx_word' id='word_1_371' title='bbox 287 4438 326 4490; x_wconf 79' lang='lat' dir='ltr'><strong>Ex</strong></span> <span class='ocrx_word' id='word_1_372' title='bbox 346 4438 446 4492; x_wconf 80' lang='lat' dir='ltr'><strong>lrertaeo</strong></span> <span class='ocrx_word' id='word_1_373' title='bbox 464 4446 553 4492; x_wconf 89' lang='lat' dir='ltr'><strong>autem</strong></span> <span class='ocrx_word' id='word_1_374' title='bbox 567 4437 624 4492; x_wconf 79' lang='lat' dir='ltr'><strong>baec</strong></span> <span class='ocrx_word' id='word_1_375' title='bbox 638 4437 774 4493; x_wconf 90' lang='lat' dir='ltr'><strong>babemus.</strong></span> <span class='ocrx_word' id='word_1_376' title='bbox 795 4437 880 4504; x_wconf 79' lang='lat' dir='ltr'><strong>Quum</strong></span> <span class='ocrx_word' id='word_1_377' title='bbox 895 4439 991 4509; x_wconf 90' lang='lat' dir='ltr'><strong>impius</strong></span> 
     </span>
     <span class='ocr_line' id='line_1_55' title="bbox 207 4506 990 4577; baseline 0.01 -19"><span class='ocrx_word' id='word_1_378' title='bbox 207 4506 420 4562; x_wconf 90' lang='lat' dir='ltr'><strong>sublimissimam</strong></span> <span class='ocrx_word' id='word_1_379' title='bbox 434 4523 463 4562; x_wconf 92' lang='lat' dir='ltr'><strong>se</strong></span> <span class='ocrx_word' id='word_1_380' title='bbox 477 4507 643 4577; x_wconf 87' lang='lat' dir='ltr'><strong>proiltcretur</strong></span> <span class='ocrx_word' id='word_1_381' title='bbox 661 4508 800 4573; x_wconf 83' lang='lat' dir='ltr'><strong>virtutem,</strong></span> <span class='ocrx_word' id='word_1_382' title='bbox 820 4523 851 4562; x_wconf 92' lang='lat' dir='ltr'><strong>ac</strong></span> <span class='ocrx_word' id='word_1_383' title='bbox 864 4508 990 4566; x_wconf 90' lang='lat' dir='ltr'><strong>llelerram</strong></span> 
     </span>
     <span class='ocr_line' id='line_1_56' title="bbox 206 4576 991 4649; baseline 0.011 -23"><span class='ocrx_word' id='word_1_384' title='bbox 206 4576 363 4642; x_wconf 88' lang='lat' dir='ltr'><strong>quamdam,</strong></span> <span class='ocrx_word' id='word_1_385' title='bbox 385 4578 496 4646; x_wconf 87' lang='lat' dir='ltr'><strong>primam</strong></span> <span class='ocrx_word' id='word_1_386' title='bbox 516 4593 571 4631; x_wconf 75' lang='lat' dir='ltr'><strong>succ</strong></span> <span class='ocrx_word' id='word_1_387' title='bbox 590 4577 686 4631; x_wconf 90' lang='lat' dir='ltr'><strong>mentis</strong></span> <span class='ocrx_word' id='word_1_388' title='bbox 704 4579 920 4648; x_wconf 87' lang='lat' dir='ltr'><strong>conceptionem,</strong></span> <span class='ocrx_word' id='word_1_389' title='bbox 942 4595 991 4649; x_wconf 91' lang='lat' dir='ltr'><strong>per</strong></span> 
     </span>
     <span class='ocr_line' id='line_1_57' title="bbox 205 4644 990 4715; baseline 0.008 -17"><span class='ocrx_word' id='word_1_390' title='bbox 205 4644 276 4698; x_wconf 86' lang='lat' dir='ltr'><strong>lrnne</strong></span> <span class='ocrx_word' id='word_1_391' title='bbox 293 4644 397 4699; x_wconf 85' lang='lat' dir='ltr'><strong>dicebat</strong></span> <span class='ocrx_word' id='word_1_392' title='bbox 416 4645 522 4715; x_wconf 76' lang='lat' dir='ltr'><strong>angelos</strong></span> <span class='ocrx_word' id='word_1_393' title='bbox 542 4654 621 4714; x_wconf 93' lang='lat' dir='ltr'><strong>atque</strong></span> <span class='ocrx_word' id='word_1_394' title='bbox 639 4645 809 4715; x_wconf 74' lang='lat' dir='ltr'><strong>archangelos</strong></span> <span class='ocrx_word' id='word_1_395' title='bbox 823 4647 959 4714; x_wconf 88' lang='lat' dir='ltr'><strong>conditos;</strong></span> <span class='ocrx_word' id='word_1_396' title='bbox 974 4665 990 4703; x_wconf 88' lang='lat' dir='ltr'><strong>a</strong></span> 
     </span>
     <span class='ocr_line' id='line_1_58' title="bbox 207 4711 990 4792; baseline 0.009 -27"><span class='ocrx_word' id='word_1_397' title='bbox 207 4712 302 4781; x_wconf 79' lang='lat' dir='ltr'><strong>quibus</strong></span> <span class='ocrx_word' id='word_1_398' title='bbox 318 4714 458 4792; x_wconf 79' lang='lat' dir='ltr'><strong>fabricatus</strong></span> <span class='ocrx_word' id='word_1_399' title='bbox 477 4711 553 4768; x_wconf 88' lang='lat' dir='ltr'><strong>Orbis</strong></span> <span class='ocrx_word' id='word_1_400' title='bbox 565 4729 596 4767; x_wconf 90' lang='lat' dir='ltr'><strong>ae</strong></span> <span class='ocrx_word' id='word_1_401' title='bbox 609 4724 768 4784; x_wconf 69' lang='lat' dir='ltr'><strong>praepostere</strong></span> <span class='ocrx_word' id='word_1_402' title='bbox 781 4715 942 4782; x_wconf 84' lang='lat' dir='ltr'><strong>moderatus,</strong></span> <span class='ocrx_word' id='word_1_403' title='bbox 956 4720 990 4774; x_wconf 93' lang='lat' dir='ltr'><strong>ad</strong></span> 
     </span>
     <span class='ocr_line' id='line_1_59' title="bbox 206 4782 987 4856; baseline 0.014 -25"><span class='ocrx_word' id='word_1_404' title='bbox 206 4782 417 4856; x_wconf 69' lang='lat' dir='ltr'><strong>‹mendatronem</strong></span> <span class='ocrx_word' id='word_1_405' title='bbox 437 4798 540 4847; x_wconf 81' lang='lat' dir='ltr'><strong>renim,</strong></span> <span class='ocrx_word' id='word_1_406' title='bbox 558 4792 586 4837; x_wconf 92' lang='lat' dir='ltr'><strong>ut</strong></span> <span class='ocrx_word' id='word_1_407' title='bbox 598 4782 654 4852; x_wconf 90' lang='lat' dir='ltr'><strong>ipse</strong></span> <span class='ocrx_word' id='word_1_408' title='bbox 667 4785 782 4848; x_wconf 78' lang='lat' dir='ltr'><strong>reniret,</strong></span> <span class='ocrx_word' id='word_1_409' title='bbox 795 4786 987 4854; x_wconf 87' lang='lat' dir='ltr'><strong>compulerunt.</strong></span> 
     </span>
     <span class='ocr_line' id='line_1_60' title="bbox 209 4848 990 4923; baseline 0.012 -22"><span class='ocrx_word' id='word_1_410' title='bbox 209 4848 283 4903; x_wconf 78' lang='lat' dir='ltr'><strong>ltnde</strong></span> <span class='ocrx_word' id='word_1_411' title='bbox 303 4849 427 4917; x_wconf 83' lang='lat' dir='ltr'><strong>addebat,</strong></span> <span class='ocrx_word' id='word_1_412' title='bbox 442 4858 472 4905; x_wconf 88' lang='lat' dir='ltr'><strong>nt</strong></span> <span class='ocrx_word' id='word_1_413' title='bbox 488 4851 602 4906; x_wconf 80' lang='lat' dir='ltr'><strong>lrcnmus</strong></span> <span class='ocrx_word' id='word_1_414' title='bbox 619 4853 671 4917; x_wconf 91' lang='lat' dir='ltr'><strong>ait,</strong></span> <span class='ocrx_word' id='word_1_415' title='bbox 691 4871 701 4902; x_wconf 79' lang='lat' dir='ltr'><strong>r</strong></span> <span class='ocrx_word' id='word_1_416' title='bbox 718 4853 858 4923; x_wconf 85' lang='lat' dir='ltr'><strong>propbetas</strong></span> <span class='ocrx_word' id='word_1_417' title='bbox 871 4869 886 4908; x_wconf 86' lang='lat' dir='ltr'><strong>a</strong></span> <span class='ocrx_word' id='word_1_418' title='bbox 899 4858 990 4911; x_wconf 93' lang='lat' dir='ltr'><strong>muudi</strong></span> 
     </span>
     <span class='ocr_line' id='line_1_61' title="bbox 211 4918 986 4993; baseline 0.013 -23"><span class='ocrx_word' id='word_1_419' title='bbox 211 4937 221 4969; x_wconf 90' lang='lat' dir='ltr'><strong>t</strong></span> <span class='ocrx_word' id='word_1_420' title='bbox 240 4918 438 4975; x_wconf 78' lang='lat' dir='ltr'><strong>fabricatoribus</strong></span> <span class='ocrx_word' id='word_1_421' title='bbox 450 4921 490 4975; x_wconf 80' lang='lat' dir='ltr'><strong>An</strong></span> <span class='ocrx_word' id='word_1_422' title='bbox 523 4921 556 4975; x_wconf 92' lang='lat' dir='ltr'><strong>lis</strong></span> <span class='ocrx_word' id='word_1_423' title='bbox 565 4921 706 4991; x_wconf 86' lang='lat' dir='ltr'><strong>inspiratos</strong></span> <span class='ocrx_word' id='word_1_424' title='bbox 718 4923 816 4977; x_wconf 81' lang='lat' dir='ltr'><strong>dixisse</strong></span> <span class='ocrx_word' id='word_1_425' title='bbox 826 4924 986 4993; x_wconf 77' lang='lat' dir='ltr'><strong>prophetias:</strong></span> 
     </span>
     <span class='ocr_line' id='line_1_62' title="bbox 212 4990 988 5059; baseline 0.01 -18"><span class='ocrx_word' id='word_1_426' title='bbox 212 4997 398 5058; x_wconf 74' lang='lat' dir='ltr'><strong>‹quapropter</strong></span> <span class='ocrx_word' id='word_1_427' title='bbox 419 5005 496 5044; x_wconf 79' lang='lat' dir='ltr'><strong>anone</strong></span> <span class='ocrx_word' id='word_1_428' title='bbox 531 5002 551 5054; x_wconf 87' lang='lat' dir='ltr'><strong>t,</strong></span> <span class='ocrx_word' id='word_1_429' title='bbox 566 5006 600 5044; x_wconf 89' lang='lat' dir='ltr'><strong>uc</strong></span> <span class='ocrx_word' id='word_1_430' title='bbox 621 4990 731 5048; x_wconf 78' lang='lat' dir='ltr'><strong>ulterius</strong></span> <span class='ocrx_word' id='word_1_431' title='bbox 749 5001 872 5047; x_wconf 86' lang='lat' dir='ltr'><strong>curarent</strong></span> <span class='ocrx_word' id='word_1_432' title='bbox 890 5008 946 5059; x_wconf 88' lang='lat' dir='ltr'><strong>eos,</strong></span> <span class='ocrx_word' id='word_1_433' title='bbox 961 4996 988 5050; x_wconf 88' lang='lat' dir='ltr'><strong>lri</strong></span> 
     </span>
     <span class='ocr_line' id='line_1_63' title="bbox 211 5057 989 5132; baseline 0.014 -24"><span class='ocrx_word' id='word_1_434' title='bbox 211 5073 222 5107; x_wconf 84' lang='lat' dir='ltr'><strong>c</strong></span> <span class='ocrx_word' id='word_1_435' title='bbox 239 5057 323 5126; x_wconf 91' lang='lat' dir='ltr'><strong>quiin</strong></span> <span class='ocrx_word' id='word_1_436' title='bbox 338 5073 408 5132; x_wconf 82' lang='lat' dir='ltr'><strong>eum,</strong></span> <span class='ocrx_word' id='word_1_437' title='bbox 428 5060 493 5113; x_wconf 90' lang='lat' dir='ltr'><strong>etin</strong></span> <span class='ocrx_word' id='word_1_438' title='bbox 508 5060 632 5114; x_wconf 81' lang='lat' dir='ltr'><strong>Helenam</strong></span> <span class='ocrx_word' id='word_1_439' title='bbox 646 5060 702 5115; x_wconf 87' lang='lat' dir='ltr'><strong>e&#39;us</strong></span> <span class='ocrx_word' id='word_1_440' title='bbox 714 5075 788 5130; x_wconf 89' lang='lat' dir='ltr'><strong>spem</strong></span> <span class='ocrx_word' id='word_1_441' title='bbox 807 5061 947 5128; x_wconf 85' lang='lat' dir='ltr'><strong>habebant,</strong></span> <span class='ocrx_word' id='word_1_442' title='bbox 961 5074 989 5120; x_wconf 88' lang='lat' dir='ltr'><strong>et</strong></span> 
     </span>
     <span class='ocr_line' id='line_1_64' title="bbox 211 5077 988 5202; baseline 0.015 -26"><span class='ocrx_word' id='word_1_443' title='bbox 211 5143 222 5176; x_wconf 82' lang='grc' dir='ltr'>ι</span> <span class='ocrx_word' id='word_1_444' title='bbox 238 5134 267 5180; x_wconf 93' lang='lat' dir='ltr'><strong>ut</strong></span> <span class='ocrx_word' id='word_1_445' title='bbox 280 5127 377 5182; x_wconf 87' lang='lat' dir='ltr'><strong>liberos</strong></span> <span class='ocrx_word' id='word_1_446' title='bbox 389 5144 467 5198; x_wconf 78' lang='lat' dir='ltr'><strong>agere</strong></span> <span class='ocrx_word' id='word_1_447' title='bbox 479 5145 537 5199; x_wconf 79' lang='lat' dir='ltr'><strong>qua</strong></span> <span class='ocrx_word' id='word_1_448' title='bbox 551 5130 640 5184; x_wconf 88' lang='lat' dir='ltr'><strong>velint.</strong></span> <span class='ocrx_word' id='word_1_449' title='bbox 656 5077 805 5185; x_wconf 39' lang='lat' dir='ltr'><strong>&amp;cundum</strong></span> <span class='ocrx_word' id='word_1_450' title='bbox 818 5132 888 5186; x_wconf 90' lang='lat' dir='ltr'><strong>enim</strong></span> <span class='ocrx_word' id='word_1_451' title='bbox 903 5133 988 5202; x_wconf 84' lang='lat' dir='ltr'><strong>ipsius</strong></span> 
     </span>
     <span class='ocr_line' id='line_1_65' title="bbox 213 5196 987 5275; baseline 0.014 -29"><span class='ocrx_word' id='word_1_452' title='bbox 213 5215 221 5246; x_wconf 81' lang='lat' dir='ltr'><strong>r</strong></span> <span class='ocrx_word' id='word_1_453' title='bbox 239 5196 349 5275; x_wconf 67' lang='lat' dir='ltr'><strong>gratiam</strong></span> <span class='ocrx_word' id='word_1_454' title='bbox 362 5199 456 5252; x_wconf 85' lang='lat' dir='ltr'><strong>saltari</strong></span> <span class='ocrx_word' id='word_1_455' title='bbox 469 5198 598 5262; x_wconf 83' lang='lat' dir='ltr'><strong>homines,</strong></span> <span class='ocrx_word' id='word_1_456' title='bbox 614 5199 660 5256; x_wconf 87' lang='lat' dir='ltr'><strong>sed</strong></span> <span class='ocrx_word' id='word_1_457' title='bbox 674 5214 725 5254; x_wconf 92' lang='lat' dir='ltr'><strong>non</strong></span> <span class='ocrx_word' id='word_1_458' title='bbox 736 5201 879 5255; x_wconf 88' lang='lat' dir='ltr'><strong>seeundum</strong></span> <span class='ocrx_word' id='word_1_459' title='bbox 893 5216 987 5271; x_wconf 86' lang='lat' dir='ltr'><strong>operas</strong></span> 
     </span>
     <span class='ocr_line' id='line_1_66' title="bbox 211 5266 986 5406; baseline 0.021 -26"><span class='ocrx_word' id='word_1_460' title='bbox 211 5266 986 5406; x_wconf 48' lang='lat' dir='ltr'><strong>:sternumentumnaturales</strong></span> 
     </span>
    </p>

    <p class='ocr_par' dir='ltr' id='par_1_14' title="bbox 208 5356 986 5675">
     <span class='ocr_line' id='line_1_67' title="bbox 513 5358 986 5401; baseline 0.011 -10"><span class='ocrx_word' id='word_1_461' title='bbox 513 5379 520 5401; x_wconf 98' lang='lat'><strong>,</strong></span> <span class='ocrx_word' id='word_1_462' title='bbox 978 5358 986 5396; x_wconf 88' lang='grc' dir='ltr'>ι</span> 
     </span>
     <span class='ocr_line' id='line_1_68' title="bbox 212 5356 986 5480; baseline 0.017 -28"><span class='ocrx_word' id='word_1_463' title='bbox 212 5417 222 5452; x_wconf 88' lang='lat' dir='ltr'><strong>t</strong></span> <span class='ocrx_word' id='word_1_464' title='bbox 239 5401 364 5457; x_wconf 90' lang='lat' dir='ltr'><strong>mundum</strong></span> <span class='ocrx_word' id='word_1_465' title='bbox 379 5403 495 5460; x_wconf 89' lang='lat' dir='ltr'><strong>lecerunt</strong></span> <span class='ocrx_word' id='word_1_466' title='bbox 512 5407 612 5475; x_wconf 79' lang='lat' dir='ltr'><strong>Angeli,</strong></span> <span class='ocrx_word' id='word_1_467' title='bbox 648 5423 678 5460; x_wconf 88' lang='lat' dir='ltr'><strong>er</strong></span> <span class='ocrx_word' id='word_1_468' title='bbox 690 5356 837 5477; x_wconf 52' lang='lat' dir='ltr'><strong>nujusmpgrit</strong></span> <span class='ocrx_word' id='word_1_469' title='bbox 855 5358 986 5480; x_wconf 48' lang='lat' dir='ltr'><strong>praeeffa</strong></span> 
     </span>
     <span class='ocr_line' id='line_1_69' title="bbox 212 5423 986 5546; baseline 0.019 -26"><span class='ocrx_word' id='word_1_470' title='bbox 212 5484 222 5518; x_wconf 87' lang='lat' dir='ltr'><strong>r</strong></span> <span class='ocrx_word' id='word_1_471' title='bbox 240 5469 266 5524; x_wconf 92' lang='lat' dir='ltr'><strong>in</strong></span> <span class='ocrx_word' id='word_1_472' title='bbox 279 5473 431 5528; x_wconf 81' lang='lat' dir='ltr'><strong>servittrtem</strong></span> <span class='ocrx_word' id='word_1_473' title='bbox 450 5474 608 5530; x_wconf 88' lang='lat' dir='ltr'><strong>deducentes</strong></span> <span class='ocrx_word' id='word_1_474' title='bbox 629 5423 759 5531; x_wconf 52' lang='lat' dir='ltr'><strong>flamines.</strong></span> <span class='ocrx_word' id='word_1_475' title='bbox 778 5495 787 5528; x_wconf 77' lang='lat' dir='ltr'><strong>r</strong></span> <span class='ocrx_word' id='word_1_476' title='bbox 804 5479 914 5546; x_wconf 84' lang='lat' dir='ltr'><strong>Propter</strong></span> <span class='ocrx_word' id='word_1_477' title='bbox 930 5480 986 5536; x_wconf 76' lang='lat' dir='ltr'><strong>bae</strong></span> 
     </span>
     <span class='ocr_line' id='line_1_70' title="bbox 208 5538 986 5615; baseline 0.017 -25"><span class='ocrx_word' id='word_1_478' title='bbox 208 5539 275 5615; x_wconf 79' lang='lat' dir='ltr'><strong>torte</strong></span> <span class='ocrx_word' id='word_1_479' title='bbox 294 5538 436 5596; x_wconf 85' lang='lat' dir='ltr'><strong>Lirinensis</strong></span> <span class='ocrx_word' id='word_1_480' title='bbox 458 5544 523 5597; x_wconf 83' lang='lat' dir='ltr'><strong>dixit</strong></span> <span class='ocrx_word' id='word_1_481' title='bbox 535 5561 568 5597; x_wconf 81' lang='lat' dir='ltr'><strong>es</strong></span> <span class='ocrx_word' id='word_1_482' title='bbox 581 5546 638 5612; x_wconf 84' lang='lat' dir='ltr'><strong>ejus</strong></span> <span class='ocrx_word' id='word_1_483' title='bbox 660 5555 747 5601; x_wconf 88' lang='lat' dir='ltr'><strong>mente</strong></span> <span class='ocrx_word' id='word_1_484' title='bbox 768 5549 926 5607; x_wconf 85' lang='lat' dir='ltr'><strong>necessitate</strong></span> <span class='ocrx_word' id='word_1_485' title='bbox 938 5551 986 5603; x_wconf 90' lang='lat' dir='ltr'><strong>im·</strong></span> 
     </span>
     <span class='ocr_line' id='line_1_71' title="bbox 209 5606 561 5675; baseline 0.026 -21"><span class='ocrx_word' id='word_1_486' title='bbox 209 5606 267 5675; x_wconf 70' lang='lat' dir='ltr'><strong>pulli</strong></span> <span class='ocrx_word' id='word_1_487' title='bbox 279 5607 397 5663; x_wconf 86' lang='lat' dir='ltr'><strong>bomincs</strong></span> <span class='ocrx_word' id='word_1_488' title='bbox 409 5612 441 5663; x_wconf 86' lang='lat' dir='ltr'><strong>ad</strong></span> <span class='ocrx_word' id='word_1_489' title='bbox 457 5614 561 5665; x_wconf 86' lang='lat' dir='ltr'><strong>malum.</strong></span> 
     </span>
    </p>
   </div>
   <div class='ocr_carea' id='block_1_11' title="bbox 833 293 1215 378">
    <p class='ocr_par' dir='ltr' id='par_1_15' title="bbox 833 293 1215 378">
     <span class='ocr_line' id='line_1_72' title="bbox 833 293 1215 378; baseline 0 -3"><span class='ocrx_word' id='word_1_490' title='bbox 833 320 1001 376; x_wconf 81' lang='lat' dir='ltr'><strong>trncearn</strong></span> <span class='ocrx_word' id='word_1_491' title='bbox 1023 293 1215 378; x_wconf 74' lang='lat' dir='ltr'><strong>tununensis</strong></span> 
     </span>
    </p>
   </div>
   <div class='ocr_carea' id='block_1_12' title="bbox 1784 309 1837 363">
    <p class='ocr_par' dir='ltr' id='par_1_16' title="bbox 1784 309 1837 363">
     <span class='ocr_line' id='line_1_73' title="bbox 1784 309 1837 363; baseline 0.019 -1"><span class='ocrx_word' id='word_1_492' title='bbox 1784 309 1837 363; x_wconf 70' lang='lat'><strong>873</strong></span> 
     </span>
    </p>
   </div>
   <div class='ocr_carea' id='block_1_13' title="bbox 1049 429 1838 1124">
    <p class='ocr_par' dir='ltr' id='par_1_17' title="bbox 1049 429 1838 1124">
     <span class='ocr_line' id='line_1_74' title="bbox 1050 429 1838 509; baseline 0.011 -24"><span class='ocrx_word' id='word_1_493' title='bbox 1050 439 1079 485; x_wconf 90' lang='lat' dir='ltr'><strong>ut</strong></span> <span class='ocrx_word' id='word_1_494' title='bbox 1092 445 1198 500; x_wconf 90' lang='lat' dir='ltr'><strong>semper</strong></span> <span class='ocrx_word' id='word_1_495' title='bbox 1219 429 1336 500; x_wconf 86' lang='lat' dir='ltr'><strong>prolanis</strong></span> <span class='ocrx_word' id='word_1_496' title='bbox 1355 432 1515 489; x_wconf 74' lang='lat' dir='ltr'><strong>novitatibus</strong></span> <span class='ocrx_word' id='word_1_497' title='bbox 1528 434 1671 503; x_wconf 81' lang='lat' dir='ltr'><strong>gattdrant,</strong></span> <span class='ocrx_word' id='word_1_498' title='bbox 1694 438 1838 509; x_wconf 85' lang='lat' dir='ltr'><strong>antiqnita-</strong></span> 
     </span>
     <span class='ocr_line' id='line_1_75' title="bbox 1050 521 1836 594; baseline 0.018 -20"><span class='ocrx_word' id='word_1_499' title='bbox 1050 522 1084 576; x_wconf 91' lang='lat' dir='ltr'><strong>tis</strong></span> <span class='ocrx_word' id='word_1_500' title='bbox 1102 523 1166 575; x_wconf 87' lang='lat' dir='ltr'><strong>scita</strong></span> <span class='ocrx_word' id='word_1_501' title='bbox 1180 521 1327 586; x_wconf 80' lang='lat' dir='ltr'><strong>fastidiant,</strong></span> <span class='ocrx_word' id='word_1_502' title='bbox 1343 531 1370 578; x_wconf 91' lang='lat' dir='ltr'><strong>et</strong></span> <span class='ocrx_word' id='word_1_503' title='bbox 1383 538 1430 593; x_wconf 90' lang='lat' dir='ltr'><strong>per</strong></span> <span class='ocrx_word' id='word_1_504' title='bbox 1450 525 1628 594; x_wconf 86' lang='lat' dir='ltr'><strong>oppositiones</strong></span> <span class='ocrx_word' id='word_1_505' title='bbox 1646 527 1704 582; x_wconf 82' lang='lat' dir='ltr'><strong>salsi</strong></span> <span class='ocrx_word' id='word_1_506' title='bbox 1723 532 1836 588; x_wconf 88' lang='lat' dir='ltr'><strong>nominis</strong></span> 
     </span>
     <span class='ocr_line' id='line_1_76' title="bbox 1050 611 1837 683; baseline 0.015 -17"><span class='ocrx_word' id='word_1_507' title='bbox 1050 612 1167 667; x_wconf 84' lang='lat' dir='ltr'><strong>scientiae</strong></span> <span class='ocrx_word' id='word_1_508' title='bbox 1180 626 1195 665; x_wconf 89' lang='lat' dir='ltr'><strong>a</strong></span> <span class='ocrx_word' id='word_1_509' title='bbox 1208 611 1260 666; x_wconf 85' lang='lat' dir='ltr'><strong>srde</strong></span> <span class='ocrx_word' id='word_1_510' title='bbox 1273 611 1438 683; x_wconf 75' lang='lat' dir='ltr'><strong>naufragent.</strong></span> <span class='ocrx_word' id='word_1_511' title='bbox 1453 615 1549 669; x_wconf 82' lang='lat' dir='ltr'><strong>Contra</strong></span> <span class='ocrx_word' id='word_1_512' title='bbox 1565 631 1628 672; x_wconf 80' lang='lat' dir='ltr'><strong>sero</strong></span> <span class='ocrx_word' id='word_1_513' title='bbox 1641 617 1837 678; x_wconf 86' lang='lat' dir='ltr'><strong>Catholieorum</strong></span> 
     </span>
     <span class='ocr_line' id='line_1_77' title="bbox 1050 699 1837 779; baseline 0.018 -24"><span class='ocrx_word' id='word_1_514' title='bbox 1050 699 1101 756; x_wconf 90' lang='lat' dir='ltr'><strong>boe</strong></span> <span class='ocrx_word' id='word_1_515' title='bbox 1122 717 1185 757; x_wconf 83' lang='lat' dir='ltr'><strong>sere</strong></span> <span class='ocrx_word' id='word_1_516' title='bbox 1206 703 1355 771; x_wconf 89' lang='lat' dir='ltr'><strong>proprium,</strong></span> <span class='ocrx_word' id='word_1_517' title='bbox 1375 703 1494 773; x_wconf 79' lang='lat' dir='ltr'><strong>deposita</strong></span> <span class='ocrx_word' id='word_1_518' title='bbox 1513 716 1663 763; x_wconf 87' lang='lat' dir='ltr'><strong>sanctorum</strong></span> <span class='ocrx_word' id='word_1_519' title='bbox 1686 719 1788 779; x_wconf 82' lang='lat' dir='ltr'><strong>patrum</strong></span> <span class='ocrx_word' id='word_1_520' title='bbox 1810 725 1837 771; x_wconf 91' lang='lat' dir='ltr'><strong>et</strong></span> 
     </span>
     <span class='ocr_line' id='line_1_78' title="bbox 1049 793 1838 869; baseline 0.022 -25"><span class='ocrx_word' id='word_1_521' title='bbox 1049 793 1191 868; x_wconf 76' lang='lat' dir='ltr'><strong>commissa</strong></span> <span class='ocrx_word' id='word_1_522' title='bbox 1209 807 1329 856; x_wconf 86' lang='lat' dir='ltr'><strong>serrare,</strong></span> <span class='ocrx_word' id='word_1_523' title='bbox 1350 794 1476 849; x_wconf 89' lang='lat' dir='ltr'><strong>damnare</strong></span> <span class='ocrx_word' id='word_1_524' title='bbox 1493 797 1616 866; x_wconf 82' lang='lat' dir='ltr'><strong>profanas</strong></span> <span class='ocrx_word' id='word_1_525' title='bbox 1644 804 1792 869; x_wconf 73' lang='lat' dir='ltr'><strong>nentates,</strong></span> <span class='ocrx_word' id='word_1_526' title='bbox 1810 818 1838 862; x_wconf 91' lang='lat' dir='ltr'><strong>ct</strong></span> 
     </span>
     <span class='ocr_line' id='line_1_79' title="bbox 1050 883 1837 964; baseline 0.017 -29"><span class='ocrx_word' id='word_1_527' title='bbox 1050 884 1118 936; x_wconf 89' lang='lat' dir='ltr'><strong>sieut</strong></span> <span class='ocrx_word' id='word_1_528' title='bbox 1138 883 1204 937; x_wconf 82' lang='lat' dir='ltr'><strong>dixit</strong></span> <span class='ocrx_word' id='word_1_529' title='bbox 1220 891 1299 953; x_wconf 92' lang='lat' dir='ltr'><strong>atquc</strong></span> <span class='ocrx_word' id='word_1_530' title='bbox 1320 885 1414 939; x_wconf 90' lang='lat' dir='ltr'><strong>iterum</strong></span> <span class='ocrx_word' id='word_1_531' title='bbox 1438 886 1558 955; x_wconf 73' lang='lat' dir='ltr'><strong>predixit</strong></span> <span class='ocrx_word' id='word_1_532' title='bbox 1576 890 1732 959; x_wconf 77' lang='lat' dir='ltr'><strong>Apostolus,</strong></span> <span class='ocrx_word' id='word_1_533' title='bbox 1745 894 1837 964; x_wconf 82' lang='lat' dir='ltr'><strong>siquis</strong></span> 
     </span>
     <span class='ocr_line' id='line_1_80' title="bbox 1050 972 1838 1048; baseline 0.019 -25"><span class='ocrx_word' id='word_1_534' title='bbox 1050 972 1233 1026; x_wconf 78' lang='lat' dir='ltr'><strong>annuntiaverit</strong></span> <span class='ocrx_word' id='word_1_535' title='bbox 1247 984 1411 1044; x_wconf 79' lang='lat' dir='ltr'><strong>preterquam</strong></span> <span class='ocrx_word' id='word_1_536' title='bbox 1424 976 1490 1046; x_wconf 87' lang='lat' dir='ltr'><strong>quod</strong></span> <span class='ocrx_word' id='word_1_537' title='bbox 1504 988 1631 1048; x_wconf 81' lang='lat' dir='ltr'><strong>accepturu</strong></span> <span class='ocrx_word' id='word_1_538' title='bbox 1643 991 1689 1045; x_wconf 84' lang='lat' dir='ltr'><strong>est,</strong></span> <span class='ocrx_word' id='word_1_539' title='bbox 1702 984 1838 1038; x_wconf 70' lang='lat' dir='ltr'><strong>mathema</strong></span> 
     </span>
     <span class='ocr_line' id='line_1_81' title="bbox 1049 1060 1199 1124; baseline 0.013 -11"><span class='ocrx_word' id='word_1_540' title='bbox 1049 1060 1091 1124; x_wconf 88' lang='lat' dir='ltr'><strong>sit,</strong></span> <span class='ocrx_word' id='word_1_541' title='bbox 1104 1061 1161 1115; x_wconf 85' lang='lat' dir='ltr'><strong>Gal.</strong></span> <span class='ocrx_word' id='word_1_542' title='bbox 1175 1063 1199 1115; x_wconf 92' lang='grc'><strong>1.</strong></span> 
     </span>
    </p>
   </div>
   <div class='ocr_carea' id='block_1_14' title="bbox 1050 1163 1885 2136">
    <p class='ocr_par' dir='ltr' id='par_1_18' title="bbox 1050 1163 1885 2136">
     <span class='ocr_line' id='line_1_82' title="bbox 1086 1163 1838 1240; baseline 0.019 -24"><span class='ocrx_word' id='word_1_543' title='bbox 1086 1163 1167 1217; x_wconf 76' lang='lat' dir='ltr'><strong>xxv.</strong></span> <span class='ocrx_word' id='word_1_544' title='bbox 1182 1165 1231 1219; x_wconf 94' lang='lat' dir='ltr'><strong>lllc</strong></span> <span class='ocrx_word' id='word_1_545' title='bbox 1245 1165 1354 1221; x_wconf 76' lang='lat' dir='ltr'><strong>fortasse</strong></span> <span class='ocrx_word' id='word_1_546' title='bbox 1364 1167 1458 1237; x_wconf 90' lang='lat' dir='ltr'><strong>aliquis</strong></span> <span class='ocrx_word' id='word_1_547' title='bbox 1471 1169 1615 1240; x_wconf 79' lang='lat' dir='ltr'><strong>iuterroget</strong></span> <span class='ocrx_word' id='word_1_548' title='bbox 1629 1189 1661 1227; x_wconf 87' lang='lat' dir='ltr'><strong>an</strong></span> <span class='ocrx_word' id='word_1_549' title='bbox 1671 1182 1699 1228; x_wconf 88' lang='lat' dir='ltr'><strong>ct</strong></span> <span class='ocrx_word' id='word_1_550' title='bbox 1715 1175 1838 1231; x_wconf 82' lang='lat' dir='ltr'><strong>llnretici</strong></span> 
     </span>
     <span class='ocr_line' id='line_1_83' title="bbox 1050 1251 1834 1333; baseline 0.019 -30"><span class='ocrx_word' id='word_1_551' title='bbox 1050 1251 1145 1305; x_wconf 77' lang='lat' dir='ltr'><strong>ditium</strong></span> <span class='ocrx_word' id='word_1_552' title='bbox 1156 1253 1298 1323; x_wconf 82' lang='lat' dir='ltr'><strong>Scripturae</strong></span> <span class='ocrx_word' id='word_1_553' title='bbox 1317 1257 1474 1311; x_wconf 88' lang='lat' dir='ltr'><strong>testimoniis</strong></span> <span class='ocrx_word' id='word_1_554' title='bbox 1491 1267 1606 1314; x_wconf 88' lang='lat' dir='ltr'><strong>utantur.</strong></span> <span class='ocrx_word' id='word_1_555' title='bbox 1622 1262 1834 1333; x_wconf 77' lang='lat' dir='ltr'><strong>l&#39;tunturplane,</strong></span> 
     </span>
     <span class='ocr_line' id='line_1_84' title="bbox 1050 1343 1837 1424; baseline 0.022 -31"><span class='ocrx_word' id='word_1_556' title='bbox 1050 1343 1258 1398; x_wconf 82' lang='lat' dir='ltr'><strong>etselrcmentcr</strong></span> <span class='ocrx_word' id='word_1_557' title='bbox 1279 1345 1396 1415; x_wconf 89' lang='lat' dir='ltr'><strong>quidem.</strong></span> <span class='ocrx_word' id='word_1_558' title='bbox 1417 1347 1484 1400; x_wconf 91' lang='lat' dir='ltr'><strong>Nam</strong></span> <span class='ocrx_word' id='word_1_559' title='bbox 1505 1348 1596 1405; x_wconf 86' lang='lat' dir='ltr'><strong>videas</strong></span> <span class='ocrx_word' id='word_1_560' title='bbox 1615 1367 1661 1406; x_wconf 91' lang='lat' dir='ltr'><strong>cos</strong></span> <span class='ocrx_word' id='word_1_561' title='bbox 1682 1352 1771 1408; x_wconf 79' lang='lat' dir='ltr'><strong>solaro</strong></span> <span class='ocrx_word' id='word_1_562' title='bbox 1791 1371 1837 1424; x_wconf 86' lang='lat' dir='ltr'><strong>per</strong></span> 
     </span>
     <span class='ocr_line' id='line_1_85' title="bbox 1050 1430 1838 1513; baseline 0.02 -30"><span class='ocrx_word' id='word_1_563' title='bbox 1050 1430 1152 1500; x_wconf 78' lang='lat' dir='ltr'><strong>sitiqula</strong></span> <span class='ocrx_word' id='word_1_564' title='bbox 1164 1448 1275 1502; x_wconf 70' lang='lat' dir='ltr'><strong>quaeque</strong></span> <span class='ocrx_word' id='word_1_565' title='bbox 1285 1443 1382 1489; x_wconf 68' lang='lat' dir='ltr'><strong>sanem</strong></span> <span class='ocrx_word' id='word_1_566' title='bbox 1393 1435 1460 1504; x_wconf 84' lang='lat' dir='ltr'><strong>legis</strong></span> <span class='ocrx_word' id='word_1_567' title='bbox 1471 1436 1614 1504; x_wconf 80' lang='lat' dir='ltr'><strong>solumina,</strong></span> <span class='ocrx_word' id='word_1_568' title='bbox 1629 1454 1676 1507; x_wconf 91' lang='lat' dir='ltr'><strong>per</strong></span> <span class='ocrx_word' id='word_1_569' title='bbox 1685 1441 1776 1513; x_wconf 68' lang='lat' dir='ltr'><strong>lloysi,</strong></span> <span class='ocrx_word' id='word_1_570' title='bbox 1790 1460 1838 1513; x_wconf 90' lang='lat' dir='ltr'><strong>per</strong></span> 
     </span>
     <span class='ocr_line' id='line_1_86' title="bbox 1051 1518 1837 1601; baseline 0.022 -29"><span class='ocrx_word' id='word_1_571' title='bbox 1051 1518 1152 1588; x_wconf 78' lang='lat' dir='ltr'><strong>llegum</strong></span> <span class='ocrx_word' id='word_1_572' title='bbox 1162 1521 1256 1586; x_wconf 85' lang='lat' dir='ltr'><strong>libros;</strong></span> <span class='ocrx_word' id='word_1_573' title='bbox 1271 1525 1457 1592; x_wconf 89' lang='lat' dir='ltr'><strong>perPsalnros‚</strong></span> <span class='ocrx_word' id='word_1_574' title='bbox 1472 1541 1518 1594; x_wconf 92' lang='lat' dir='ltr'><strong>per</strong></span> <span class='ocrx_word' id='word_1_575' title='bbox 1528 1528 1679 1596; x_wconf 78' lang='lat' dir='ltr'><strong>apostolos,</strong></span> <span class='ocrx_word' id='word_1_576' title='bbox 1694 1535 1837 1601; x_wconf 73' lang='lat' dir='ltr'><strong>perblan-</strong></span> 
     </span>
     <span class='ocr_line' id='line_1_87' title="bbox 1050 1608 1838 1684; baseline 0.022 -23"><span class='ocrx_word' id='word_1_577' title='bbox 1050 1608 1128 1677; x_wconf 75' lang='lat' dir='ltr'><strong>gelia,</strong></span> <span class='ocrx_word' id='word_1_578' title='bbox 1143 1625 1190 1679; x_wconf 87' lang='lat' dir='ltr'><strong>per</strong></span> <span class='ocrx_word' id='word_1_579' title='bbox 1205 1611 1359 1681; x_wconf 85' lang='lat' dir='ltr'><strong>Prophetas.</strong></span> <span class='ocrx_word' id='word_1_580' title='bbox 1375 1613 1436 1669; x_wconf 77' lang='lat' dir='ltr'><strong>Sine</strong></span> <span class='ocrx_word' id='word_1_581' title='bbox 1449 1616 1520 1669; x_wconf 90' lang='lat' dir='ltr'><strong>enim</strong></span> <span class='ocrx_word' id='word_1_582' title='bbox 1533 1616 1602 1684; x_wconf 91' lang='lat' dir='ltr'><strong>apud</strong></span> <span class='ocrx_word' id='word_1_583' title='bbox 1615 1632 1688 1681; x_wconf 90' lang='lat' dir='ltr'><strong>suos,</strong></span> <span class='ocrx_word' id='word_1_584' title='bbox 1703 1622 1759 1675; x_wconf 83' lang='lat' dir='ltr'><strong>sire</strong></span> <span class='ocrx_word' id='word_1_585' title='bbox 1772 1624 1838 1678; x_wconf 88' lang='lat' dir='ltr'><strong>alie-</strong></span> 
     </span>
     <span class='ocr_line' id='line_1_88' title="bbox 1050 1700 1837 1774; baseline 0.019 -23"><span class='ocrx_word' id='word_1_586' title='bbox 1050 1713 1109 1762; x_wconf 91' lang='lat' dir='ltr'><strong>nos,</strong></span> <span class='ocrx_word' id='word_1_587' title='bbox 1125 1700 1180 1754; x_wconf 87' lang='lat' dir='ltr'><strong>sivo</strong></span> <span class='ocrx_word' id='word_1_588' title='bbox 1190 1701 1325 1769; x_wconf 84' lang='lat' dir='ltr'><strong>privatim,</strong></span> <span class='ocrx_word' id='word_1_589' title='bbox 1340 1703 1396 1757; x_wconf 85' lang='lat' dir='ltr'><strong>sive</strong></span> <span class='ocrx_word' id='word_1_590' title='bbox 1409 1703 1526 1772; x_wconf 91' lang='lat' dir='ltr'><strong>publice,</strong></span> <span class='ocrx_word' id='word_1_591' title='bbox 1544 1706 1600 1759; x_wconf 83' lang='lat' dir='ltr'><strong>sive</strong></span> <span class='ocrx_word' id='word_1_592' title='bbox 1613 1707 1638 1760; x_wconf 94' lang='lat' dir='ltr'><strong>in</strong></span> <span class='ocrx_word' id='word_1_593' title='bbox 1658 1712 1837 1774; x_wconf 87' lang='lat' dir='ltr'><strong>sermonibus,</strong></span> 
     </span>
     <span class='ocr_line' id='line_1_89' title="bbox 1051 1789 1838 1867; baseline 0.017 -25"><span class='ocrx_word' id='word_1_594' title='bbox 1051 1789 1107 1844; x_wconf 82' lang='lat' dir='ltr'><strong>sire</strong></span> <span class='ocrx_word' id='word_1_595' title='bbox 1121 1790 1146 1843; x_wconf 90' lang='lat' dir='ltr'><strong>in</strong></span> <span class='ocrx_word' id='word_1_596' title='bbox 1162 1790 1250 1857; x_wconf 88' lang='lat' dir='ltr'><strong>libris,</strong></span> <span class='ocrx_word' id='word_1_597' title='bbox 1268 1793 1324 1848; x_wconf 83' lang='lat' dir='ltr'><strong>sire</strong></span> <span class='ocrx_word' id='word_1_598' title='bbox 1340 1795 1365 1847; x_wconf 95' lang='lat' dir='ltr'><strong>in</strong></span> <span class='ocrx_word' id='word_1_599' title='bbox 1382 1794 1525 1859; x_wconf 80' lang='lat' dir='ltr'><strong>conviviis,</strong></span> <span class='ocrx_word' id='word_1_600' title='bbox 1538 1796 1594 1851; x_wconf 85' lang='lat' dir='ltr'><strong>sive</strong></span> <span class='ocrx_word' id='word_1_601' title='bbox 1611 1797 1636 1851; x_wconf 93' lang='lat' dir='ltr'><strong>in</strong></span> <span class='ocrx_word' id='word_1_602' title='bbox 1654 1798 1757 1867; x_wconf 85' lang='lat' dir='ltr'><strong>plateis,</strong></span> <span class='ocrx_word' id='word_1_603' title='bbox 1772 1802 1838 1856; x_wconf 79' lang='lat' dir='ltr'><strong>nibil</strong></span> 
     </span>
     <span class='ocr_line' id='line_1_90' title="bbox 1051 1880 1837 1954; baseline 0.015 -22"><span class='ocrx_word' id='word_1_604' title='bbox 1051 1894 1167 1949; x_wconf 87' lang='lat' dir='ltr'><strong>unquam</strong></span> <span class='ocrx_word' id='word_1_605' title='bbox 1181 1895 1249 1949; x_wconf 92' lang='lat' dir='ltr'><strong>pene</strong></span> <span class='ocrx_word' id='word_1_606' title='bbox 1261 1880 1295 1936; x_wconf 92' lang='lat' dir='ltr'><strong>de</strong></span> <span class='ocrx_word' id='word_1_607' title='bbox 1312 1896 1360 1937; x_wconf 89' lang='lat' dir='ltr'><strong>suo</strong></span> <span class='ocrx_word' id='word_1_608' title='bbox 1373 1882 1510 1953; x_wconf 80' lang='lat' dir='ltr'><strong>proferunt</strong></span> <span class='ocrx_word' id='word_1_609' title='bbox 1519 1885 1589 1954; x_wconf 94' lang='lat' dir='ltr'><strong>quod</strong></span> <span class='ocrx_word' id='word_1_610' title='bbox 1604 1902 1657 1939; x_wconf 90' lang='lat' dir='ltr'><strong>nou</strong></span> <span class='ocrx_word' id='word_1_611' title='bbox 1670 1889 1750 1941; x_wconf 89' lang='lat' dir='ltr'><strong>etiam</strong></span> <span class='ocrx_word' id='word_1_612' title='bbox 1763 1889 1837 1944; x_wconf 85' lang='lat' dir='ltr'><strong>Seri·</strong></span> 
     </span>
     <span class='ocr_line' id='line_1_91' title="bbox 1050 1970 1885 2046; baseline 0.017 -24"><span class='ocrx_word' id='word_1_613' title='bbox 1050 1976 1135 2038; x_wconf 77' lang='lat' dir='ltr'><strong>ptura</strong></span> <span class='ocrx_word' id='word_1_614' title='bbox 1144 1970 1231 2025; x_wconf 87' lang='lat' dir='ltr'><strong>verbis</strong></span> <span class='ocrx_word' id='word_1_615' title='bbox 1246 1970 1284 2042; x_wconf 90' lang='grc'><strong>(1)</strong></span> <span class='ocrx_word' id='word_1_616' title='bbox 1298 1972 1456 2028; x_wconf 88' lang='lat' dir='ltr'><strong>adumbrare</strong></span> <span class='ocrx_word' id='word_1_617' title='bbox 1470 1982 1607 2029; x_wconf 89' lang='lat' dir='ltr'><strong>conentur.</strong></span> <span class='ocrx_word' id='word_1_618' title='bbox 1622 1976 1692 2046; x_wconf 76' lang='lat' dir='ltr'><strong>Lege</strong></span> <span class='ocrx_word' id='word_1_619' title='bbox 1705 1977 1778 2033; x_wconf 91' lang='lat' dir='ltr'><strong>Pauli</strong></span> <span class='ocrx_word' id='word_1_620' title='bbox 1789 1982 1837 2035; x_wconf 82' lang='lat' dir='ltr'><strong>Sa-</strong></span> <span class='ocrx_word' id='word_1_621' title='bbox 1882 2013 1885 2020; x_wconf 90' lang='lat'>·</span> 
     </span>
     <span class='ocr_line' id='line_1_92' title="bbox 1051 2061 1836 2136; baseline 0.017 -24"><span class='ocrx_word' id='word_1_622' title='bbox 1051 2061 1179 2115; x_wconf 82' lang='lat' dir='ltr'><strong>rrrosnteni</strong></span> <span class='ocrx_word' id='word_1_623' title='bbox 1192 2063 1328 2130; x_wconf 89' lang='lat' dir='ltr'><strong>opuscula,</strong></span> <span class='ocrx_word' id='word_1_624' title='bbox 1346 2064 1516 2131; x_wconf 89' lang='lat' dir='ltr'><strong>Priscilliani,</strong></span> <span class='ocrx_word' id='word_1_625' title='bbox 1533 2068 1670 2134; x_wconf 86' lang='lat' dir='ltr'><strong>Eunomii,</strong></span> <span class='ocrx_word' id='word_1_626' title='bbox 1690 2067 1836 2136; x_wconf 82' lang='lat' dir='ltr'><strong>loriniani,</strong></span> 
     </span>
    </p>
   </div>
   <div class='ocr_carea' id='block_1_15' title="bbox 1018 2147 1839 2231">
    <p class='ocr_par' dir='ltr' id='par_1_19' title="bbox 1018 2147 1839 2231">
     <span class='ocr_line' id='line_1_93' title="bbox 1018 2147 1839 2231; baseline 0.017 -28"><span class='ocrx_word' id='word_1_627' title='bbox 1018 2191 1023 2203; x_wconf 95' lang='lat'><em>.</em></span> <span class='ocrx_word' id='word_1_628' title='bbox 1050 2151 1262 2222; x_wconf 89' lang='lat' dir='ltr'><strong>reliquarumque</strong></span> <span class='ocrx_word' id='word_1_629' title='bbox 1272 2155 1400 2223; x_wconf 87' lang='lat' dir='ltr'><strong>pestium;</strong></span> <span class='ocrx_word' id='word_1_630' title='bbox 1414 2171 1508 2212; x_wconf 88' lang='lat' dir='ltr'><strong>cernas</strong></span> <span class='ocrx_word' id='word_1_631' title='bbox 1518 2156 1644 2212; x_wconf 79' lang='lat' dir='ltr'><strong>infinitam</strong></span> <span class='ocrx_word' id='word_1_632' title='bbox 1655 2147 1839 2231; x_wconf 81' lang='lat' dir='ltr'><strong>exemplorum</strong></span> 
     </span>
    </p>
   </div>
   <div class='ocr_carea' id='block_1_16' title="bbox 1045 2242 1850 4112">
    <p class='ocr_par' dir='ltr' id='par_1_20' title="bbox 1045 2242 1850 4112">
     <span class='ocr_line' id='line_1_94' title="bbox 1050 2242 1838 2318; baseline 0.015 -23"><span class='ocrx_word' id='word_1_633' title='bbox 1050 2242 1215 2311; x_wconf 76' lang='lat' dir='ltr'><strong>congeriem,</strong></span> <span class='ocrx_word' id='word_1_634' title='bbox 1237 2259 1319 2314; x_wconf 89' lang='lat' dir='ltr'><strong>prope</strong></span> <span class='ocrx_word' id='word_1_635' title='bbox 1336 2245 1435 2300; x_wconf 70' lang='lat' dir='ltr'><strong>nulfum</strong></span> <span class='ocrx_word' id='word_1_636' title='bbox 1456 2246 1541 2300; x_wconf 91' lang='lat' dir='ltr'><strong>omitti</strong></span> <span class='ocrx_word' id='word_1_637' title='bbox 1559 2247 1682 2317; x_wconf 80' lang='lat' dir='ltr'><strong>paginam</strong></span> <span class='ocrx_word' id='word_1_638' title='bbox 1704 2265 1764 2318; x_wconf 72' lang='lat' dir='ltr'><strong>quae</strong></span> <span class='ocrx_word' id='word_1_639' title='bbox 1782 2268 1838 2308; x_wconf 89' lang='lat' dir='ltr'><strong>non</strong></span> 
     </span>
     <span class='ocr_line' id='line_1_95' title="bbox 1050 2333 1837 2396; baseline 0.014 -11"><span class='ocrx_word' id='word_1_640' title='bbox 1050 2333 1110 2386; x_wconf 86' lang='lat' dir='ltr'><strong>novi</strong></span> <span class='ocrx_word' id='word_1_641' title='bbox 1131 2341 1177 2386; x_wconf 90' lang='lat' dir='ltr'><strong>ant</strong></span> <span class='ocrx_word' id='word_1_642' title='bbox 1189 2336 1287 2389; x_wconf 82' lang='lat' dir='ltr'><strong>veteris</strong></span> <span class='ocrx_word' id='word_1_643' title='bbox 1303 2336 1463 2391; x_wconf 88' lang='lat' dir='ltr'><strong>Testamenti</strong></span> <span class='ocrx_word' id='word_1_644' title='bbox 1485 2338 1624 2392; x_wconf 86' lang='lat' dir='ltr'><strong>sententiis</strong></span> <span class='ocrx_word' id='word_1_645' title='bbox 1641 2337 1727 2394; x_wconf 77' lang='lat' dir='ltr'><strong>tumn</strong></span> <span class='ocrx_word' id='word_1_646' title='bbox 1745 2349 1772 2395; x_wconf 90' lang='lat' dir='ltr'><strong>et</strong></span> <span class='ocrx_word' id='word_1_647' title='bbox 1787 2356 1837 2396; x_wconf 90' lang='lat' dir='ltr'><strong>co·</strong></span> 
     </span>
     <span class='ocr_line' id='line_1_96' title="bbox 1050 2422 1837 2499; baseline 0.015 -23"><span class='ocrx_word' id='word_1_648' title='bbox 1050 2422 1134 2477; x_wconf 91' lang='lat' dir='ltr'><strong>lorata</strong></span> <span class='ocrx_word' id='word_1_649' title='bbox 1149 2423 1192 2478; x_wconf 88' lang='lat' dir='ltr'><strong>sit.</strong></span> <span class='ocrx_word' id='word_1_650' title='bbox 1212 2424 1265 2480; x_wconf 86' lang='lat' dir='ltr'><strong>Sed</strong></span> <span class='ocrx_word' id='word_1_651' title='bbox 1283 2432 1356 2481; x_wconf 89' lang='lat' dir='ltr'><strong>tauto</strong></span> <span class='ocrx_word' id='word_1_652' title='bbox 1371 2427 1455 2496; x_wconf 80' lang='lat' dir='ltr'><strong>magis</strong></span> <span class='ocrx_word' id='word_1_653' title='bbox 1468 2427 1576 2482; x_wconf 82' lang='lat' dir='ltr'><strong>canendi</strong></span> <span class='ocrx_word' id='word_1_654' title='bbox 1593 2435 1621 2484; x_wconf 89' lang='lat' dir='ltr'><strong>et</strong></span> <span class='ocrx_word' id='word_1_655' title='bbox 1632 2430 1837 2499; x_wconf 86' lang='lat' dir='ltr'><strong>pertimescendi</strong></span> 
     </span>
     <span class='ocr_line' id='line_1_97' title="bbox 1050 2515 1837 2587; baseline 0.01 -21"><span class='ocrx_word' id='word_1_656' title='bbox 1050 2520 1120 2580; x_wconf 88' lang='lat' dir='ltr'><strong>sunt,</strong></span> <span class='ocrx_word' id='word_1_657' title='bbox 1134 2521 1232 2583; x_wconf 86' lang='lat' dir='ltr'><strong>quanto</strong></span> <span class='ocrx_word' id='word_1_658' title='bbox 1245 2515 1373 2570; x_wconf 90' lang='lat' dir='ltr'><strong>occultius</strong></span> <span class='ocrx_word' id='word_1_659' title='bbox 1382 2515 1431 2570; x_wconf 92' lang='lat' dir='ltr'><strong>sub</strong></span> <span class='ocrx_word' id='word_1_660' title='bbox 1441 2516 1536 2571; x_wconf 82' lang='lat' dir='ltr'><strong>divina</strong></span> <span class='ocrx_word' id='word_1_661' title='bbox 1547 2516 1613 2587; x_wconf 75' lang='lat' dir='ltr'><strong>legis</strong></span> <span class='ocrx_word' id='word_1_662' title='bbox 1628 2517 1788 2574; x_wconf 88' lang='lat' dir='ltr'><strong>umbraculis</strong></span> <span class='ocrx_word' id='word_1_663' title='bbox 1798 2521 1837 2574; x_wconf 87' lang='lat' dir='ltr'><strong>la-</strong></span> 
     </span>
     <span class='ocr_line' id='line_1_98' title="bbox 1051 2603 1837 2670; baseline 0.014 -14"><span class='ocrx_word' id='word_1_664' title='bbox 1051 2603 1137 2657; x_wconf 88' lang='lat' dir='ltr'><strong>titant.</strong></span> <span class='ocrx_word' id='word_1_665' title='bbox 1158 2603 1250 2659; x_wconf 89' lang='lat' dir='ltr'><strong>Sciunt</strong></span> <span class='ocrx_word' id='word_1_666' title='bbox 1266 2606 1336 2659; x_wconf 90' lang='lat' dir='ltr'><strong>enim</strong></span> <span class='ocrx_word' id='word_1_667' title='bbox 1354 2604 1458 2661; x_wconf 75' lang='lat' dir='ltr'><strong>latores</strong></span> <span class='ocrx_word' id='word_1_668' title='bbox 1475 2620 1538 2661; x_wconf 89' lang='lat' dir='ltr'><strong>suos</strong></span> <span class='ocrx_word' id='word_1_669' title='bbox 1556 2607 1620 2670; x_wconf 83' lang='lat' dir='ltr'><strong>nulli</strong></span> <span class='ocrx_word' id='word_1_670' title='bbox 1640 2607 1695 2664; x_wconf 87' lang='lat' dir='ltr'><strong>lere</strong></span> <span class='ocrx_word' id='word_1_671' title='bbox 1710 2610 1762 2665; x_wconf 89' lang='lat' dir='ltr'><strong>eito</strong></span> <span class='ocrx_word' id='word_1_672' title='bbox 1775 2626 1837 2668; x_wconf 87' lang='lat' dir='ltr'><strong>esso</strong></span> 
     </span>
     <span class='ocr_line' id='line_1_99' title="bbox 1049 2693 1836 2768; baseline 0.014 -23"><span class='ocrx_word' id='word_1_673' title='bbox 1049 2693 1205 2761; x_wconf 85' lang='lat' dir='ltr'><strong>placituros,</strong></span> <span class='ocrx_word' id='word_1_674' title='bbox 1220 2695 1242 2748; x_wconf 90' lang='lat' dir='ltr'><strong>si</strong></span> <span class='ocrx_word' id='word_1_675' title='bbox 1255 2695 1318 2749; x_wconf 87' lang='lat' dir='ltr'><strong>nudi</strong></span> <span class='ocrx_word' id='word_1_676' title='bbox 1328 2703 1355 2750; x_wconf 94' lang='lat' dir='ltr'><strong>ct</strong></span> <span class='ocrx_word' id='word_1_677' title='bbox 1369 2695 1501 2764; x_wconf 86' lang='lat' dir='ltr'><strong>simplices</strong></span> <span class='ocrx_word' id='word_1_678' title='bbox 1519 2696 1687 2762; x_wconf 65' lang='lat' dir='ltr'><strong>turbulentum</strong></span> <span class='ocrx_word' id='word_1_679' title='bbox 1705 2707 1784 2768; x_wconf 88' lang='lat' dir='ltr'><strong>atque</strong></span> <span class='ocrx_word' id='word_1_680' title='bbox 1796 2701 1836 2756; x_wconf 91' lang='lat' dir='ltr'><strong>id·</strong></span> 
     </span>
     <span class='ocr_line' id='line_1_100' title="bbox 1048 2781 1835 2858; baseline 0.013 -24"><span class='ocrx_word' id='word_1_681' title='bbox 1048 2781 1121 2836; x_wconf 90' lang='lat' dir='ltr'><strong>cireo</strong></span> <span class='ocrx_word' id='word_1_682' title='bbox 1131 2797 1177 2837; x_wconf 89' lang='lat' dir='ltr'><strong>eos</strong></span> <span class='ocrx_word' id='word_1_683' title='bbox 1187 2783 1302 2839; x_wconf 84' lang='lat' dir='ltr'><strong>coelestis</strong></span> <span class='ocrx_word' id='word_1_684' title='bbox 1311 2785 1407 2854; x_wconf 87' lang='lat' dir='ltr'><strong>eloquii</strong></span> <span class='ocrx_word' id='word_1_685' title='bbox 1417 2786 1489 2839; x_wconf 84' lang='lat' dir='ltr'><strong>velut</strong></span> <span class='ocrx_word' id='word_1_686' title='bbox 1497 2785 1612 2857; x_wconf 86' lang='lat' dir='ltr'><strong>quodam</strong></span> <span class='ocrx_word' id='word_1_687' title='bbox 1621 2796 1739 2843; x_wconf 87' lang='lat' dir='ltr'><strong>aromate</strong></span> <span class='ocrx_word' id='word_1_688' title='bbox 1749 2805 1835 2858; x_wconf 86' lang='lat' dir='ltr'><strong>asper·</strong></span> 
     </span>
     <span class='ocr_line' id='line_1_101' title="bbox 1048 2868 1834 2944; baseline 0.01 -20"><span class='ocrx_word' id='word_1_689' title='bbox 1048 2879 1122 2938; x_wconf 78' lang='lat' dir='ltr'><strong>gunt,</strong></span> <span class='ocrx_word' id='word_1_690' title='bbox 1137 2879 1167 2925; x_wconf 89' lang='lat' dir='ltr'><strong>ut</strong></span> <span class='ocrx_word' id='word_1_691' title='bbox 1177 2868 1221 2927; x_wconf 88' lang='lat' dir='ltr'><strong>ille</strong></span> <span class='ocrx_word' id='word_1_692' title='bbox 1234 2872 1279 2942; x_wconf 92' lang='lat' dir='ltr'><strong>qui</strong></span> <span class='ocrx_word' id='word_1_693' title='bbox 1292 2872 1435 2927; x_wconf 91' lang='lat' dir='ltr'><strong>bumanum</strong></span> <span class='ocrx_word' id='word_1_694' title='bbox 1448 2871 1525 2930; x_wconf 89' lang='lat' dir='ltr'><strong>saeile</strong></span> <span class='ocrx_word' id='word_1_695' title='bbox 1541 2874 1689 2944; x_wconf 87' lang='lat' dir='ltr'><strong>despiceret</strong></span> <span class='ocrx_word' id='word_1_696' title='bbox 1701 2893 1834 2944; x_wconf 75' lang='lat' dir='ltr'><strong>onorem,</strong></span> 
     </span>
     <span class='ocr_line' id='line_1_102' title="bbox 1048 2959 1835 3035; baseline 0.011 -21"><span class='ocrx_word' id='word_1_697' title='bbox 1048 2959 1136 3015; x_wconf 83' lang='lat' dir='ltr'><strong>diuina</strong></span> <span class='ocrx_word' id='word_1_698' title='bbox 1154 2977 1206 3016; x_wconf 89' lang='lat' dir='ltr'><strong>non</strong></span> <span class='ocrx_word' id='word_1_699' title='bbox 1226 2961 1303 3017; x_wconf 91' lang='lat' dir='ltr'><strong>laeile</strong></span> <span class='ocrx_word' id='word_1_700' title='bbox 1319 2970 1471 3017; x_wconf 89' lang='lat' dir='ltr'><strong>contemnat</strong></span> <span class='ocrx_word' id='word_1_701' title='bbox 1488 2964 1604 3019; x_wconf 90' lang='lat' dir='ltr'><strong>oracula.</strong></span> <span class='ocrx_word' id='word_1_702' title='bbox 1628 2964 1717 3035; x_wconf 88' lang='lat' dir='ltr'><strong>ltaque</strong></span> <span class='ocrx_word' id='word_1_703' title='bbox 1736 2964 1835 3024; x_wconf 84' lang='lat' dir='ltr'><strong>iaciunt</strong></span> 
     </span>
     <span class='ocr_line' id='line_1_103' title="bbox 1047 3052 1834 3125; baseline 0.008 -19"><span class='ocrx_word' id='word_1_704' title='bbox 1047 3052 1117 3122; x_wconf 92' lang='lat' dir='ltr'><strong>quod</strong></span> <span class='ocrx_word' id='word_1_705' title='bbox 1129 3053 1157 3106; x_wconf 88' lang='lat' dir='ltr'><strong>bi</strong></span> <span class='ocrx_word' id='word_1_706' title='bbox 1171 3054 1256 3108; x_wconf 89' lang='lat' dir='ltr'><strong>solent</strong></span> <span class='ocrx_word' id='word_1_707' title='bbox 1269 3053 1318 3124; x_wconf 76' lang='grc' dir='ltr'><strong>(Ξ),</strong></span> <span class='ocrx_word' id='word_1_708' title='bbox 1332 3055 1377 3123; x_wconf 91' lang='lat' dir='ltr'><strong>qui</strong></span> <span class='ocrx_word' id='word_1_709' title='bbox 1391 3054 1505 3123; x_wconf 84' lang='lat' dir='ltr'><strong>parvulis</strong></span> <span class='ocrx_word' id='word_1_710' title='bbox 1513 3063 1617 3110; x_wconf 89' lang='lat' dir='ltr'><strong>austera</strong></span> <span class='ocrx_word' id='word_1_711' title='bbox 1631 3055 1752 3125; x_wconf 70' lang='lat' dir='ltr'><strong>quaedam</strong></span> <span class='ocrx_word' id='word_1_712' title='bbox 1764 3065 1834 3112; x_wconf 86' lang='lat' dir='ltr'><strong>tenr-</strong></span> 
     </span>
     <span class='ocr_line' id='line_1_104' title="bbox 1047 3143 1834 3213; baseline 0.01 -18"><span class='ocrx_word' id='word_1_713' title='bbox 1047 3143 1164 3210; x_wconf 89' lang='lat' dir='ltr'><strong>peraturi</strong></span> <span class='ocrx_word' id='word_1_714' title='bbox 1176 3143 1279 3212; x_wconf 70' lang='lat' dir='ltr'><strong>poetria</strong></span> <span class='ocrx_word' id='word_1_715' title='bbox 1291 3145 1365 3213; x_wconf 88' lang='lat' dir='ltr'><strong>prius</strong></span> <span class='ocrx_word' id='word_1_716' title='bbox 1380 3159 1441 3199; x_wconf 88' lang='lat' dir='ltr'><strong>oras</strong></span> <span class='ocrx_word' id='word_1_717' title='bbox 1454 3145 1532 3200; x_wconf 90' lang='lat' dir='ltr'><strong>melle</strong></span> <span class='ocrx_word' id='word_1_718' title='bbox 1545 3145 1740 3211; x_wconf 90' lang='lat' dir='ltr'><strong>circumlinunt,</strong></span> <span class='ocrx_word' id='word_1_719' title='bbox 1753 3156 1782 3202; x_wconf 94' lang='lat' dir='ltr'><strong>ut</strong></span> <span class='ocrx_word' id='word_1_720' title='bbox 1795 3149 1834 3203; x_wconf 91' lang='lat' dir='ltr'><strong>in-</strong></span> 
     </span>
     <span class='ocr_line' id='line_1_105' title="bbox 1047 3232 1834 3303; baseline 0.01 -19"><span class='ocrx_word' id='word_1_721' title='bbox 1047 3240 1123 3285; x_wconf 82' lang='lat' dir='ltr'><strong>canta</strong></span> <span class='ocrx_word' id='word_1_722' title='bbox 1136 3239 1201 3286; x_wconf 77' lang='lat' dir='ltr'><strong>atas</strong></span> <span class='ocrx_word' id='word_1_723' title='bbox 1219 3247 1280 3287; x_wconf 91' lang='lat' dir='ltr'><strong>enm</strong></span> <span class='ocrx_word' id='word_1_724' title='bbox 1298 3232 1464 3288; x_wconf 87' lang='lat' dir='ltr'><strong>dulcedinem</strong></span> <span class='ocrx_word' id='word_1_725' title='bbox 1481 3234 1662 3303; x_wconf 68' lang='lat' dir='ltr'><strong>praesenserit,</strong></span> <span class='ocrx_word' id='word_1_726' title='bbox 1681 3237 1834 3292; x_wconf 90' lang='lat' dir='ltr'><strong>amaritudi-</strong></span> 
     </span>
     <span class='ocr_line' id='line_1_106' title="bbox 1048 3323 1833 3395; baseline 0.01 -21"><span class='ocrx_word' id='word_1_727' title='bbox 1048 3336 1109 3375; x_wconf 90' lang='lat' dir='ltr'><strong>nem</strong></span> <span class='ocrx_word' id='word_1_728' title='bbox 1123 3337 1175 3394; x_wconf 88' lang='lat' dir='ltr'><strong>npn</strong></span> <span class='ocrx_word' id='word_1_729' title='bbox 1185 3323 1347 3378; x_wconf 78' lang='lat' dir='ltr'><strong>reformidet.</strong></span> <span class='ocrx_word' id='word_1_730' title='bbox 1356 3323 1432 3390; x_wconf 84' lang='lat' dir='ltr'><strong>Quod</strong></span> <span class='ocrx_word' id='word_1_731' title='bbox 1444 3324 1523 3378; x_wconf 91' lang='lat' dir='ltr'><strong>etiam</strong></span> <span class='ocrx_word' id='word_1_732' title='bbox 1534 3324 1565 3379; x_wconf 89' lang='lat' dir='ltr'><strong>iis</strong></span> <span class='ocrx_word' id='word_1_733' title='bbox 1575 3338 1645 3379; x_wconf 86' lang='lat' dir='ltr'><strong>curae</strong></span> <span class='ocrx_word' id='word_1_734' title='bbox 1655 3333 1696 3378; x_wconf 88' lang='lat' dir='ltr'><strong>est</strong></span> <span class='ocrx_word' id='word_1_735' title='bbox 1708 3328 1752 3395; x_wconf 93' lang='lat' dir='ltr'><strong>qui</strong></span> <span class='ocrx_word' id='word_1_736' title='bbox 1764 3328 1833 3383; x_wconf 83' lang='lat' dir='ltr'><strong>mala</strong></span> 
     </span>
     <span class='ocr_line' id='line_1_107' title="bbox 1046 3412 1834 3480; baseline 0.008 -15"><span class='ocrx_word' id='word_1_737' title='bbox 1046 3413 1164 3480; x_wconf 77' lang='lat' dir='ltr'><strong>granum</strong></span> <span class='ocrx_word' id='word_1_738' title='bbox 1185 3419 1212 3467; x_wconf 89' lang='lat' dir='ltr'><strong>et</strong></span> <span class='ocrx_word' id='word_1_739' title='bbox 1233 3413 1326 3468; x_wconf 81' lang='lat' dir='ltr'><strong>noxios</strong></span> <span class='ocrx_word' id='word_1_740' title='bbox 1351 3427 1444 3468; x_wconf 90' lang='lat' dir='ltr'><strong>succos</strong></span> <span class='ocrx_word' id='word_1_741' title='bbox 1469 3412 1672 3468; x_wconf 91' lang='lat' dir='ltr'><strong>medicaminum</strong></span> <span class='ocrx_word' id='word_1_742' title='bbox 1699 3415 1834 3471; x_wconf 78' lang='lat' dir='ltr'><strong>vocabulis</strong></span> 
     </span>
     <span class='ocr_line' id='line_1_108' title="bbox 1047 3498 1850 3574; baseline 0.007 -19"><span class='ocrx_word' id='word_1_743' title='bbox 1047 3502 1234 3572; x_wconf 72' lang='lat' dir='ltr'><strong>praeclaram,</strong></span> <span class='ocrx_word' id='word_1_744' title='bbox 1253 3512 1283 3558; x_wconf 94' lang='lat' dir='ltr'><strong>ut</strong></span> <span class='ocrx_word' id='word_1_745' title='bbox 1292 3518 1371 3558; x_wconf 90' lang='lat' dir='ltr'><strong>nemo</strong></span> <span class='ocrx_word' id='word_1_746' title='bbox 1384 3503 1439 3559; x_wconf 87' lang='lat' dir='ltr'><strong>lere</strong></span> <span class='ocrx_word' id='word_1_747' title='bbox 1459 3502 1503 3558; x_wconf 95' lang='lat' dir='ltr'><strong>ubi</strong></span> <span class='ocrx_word' id='word_1_748' title='bbox 1519 3503 1724 3572; x_wconf 89' lang='lat' dir='ltr'><strong>suprascriptum</strong></span> <span class='ocrx_word' id='word_1_749' title='bbox 1741 3498 1850 3574; x_wconf 76' lang='lat' dir='ltr'><strong>legerit&#39;</strong></span> 
     </span>
     <span class='ocr_line' id='line_1_109' title="bbox 1046 3591 1832 3662; baseline 0 -15"><span class='ocrx_word' id='word_1_750' title='bbox 1046 3592 1204 3658; x_wconf 86' lang='lat' dir='ltr'><strong>remedium,</strong></span> <span class='ocrx_word' id='word_1_751' title='bbox 1221 3593 1369 3662; x_wconf 86' lang='lat' dir='ltr'><strong>suspicetur</strong></span> <span class='ocrx_word' id='word_1_752' title='bbox 1380 3607 1522 3647; x_wconf 81' lang='lat' dir='ltr'><strong>uenenum.</strong></span> <span class='ocrx_word' id='word_1_753' title='bbox 1536 3591 1598 3646; x_wconf 90' lang='lat' dir='ltr'><strong>inde</strong></span> <span class='ocrx_word' id='word_1_754' title='bbox 1609 3591 1723 3661; x_wconf 90' lang='lat' dir='ltr'><strong>denique</strong></span> <span class='ocrx_word' id='word_1_755' title='bbox 1735 3601 1762 3648; x_wconf 92' lang='lat' dir='ltr'><strong>ct</strong></span> <span class='ocrx_word' id='word_1_756' title='bbox 1774 3594 1832 3647; x_wconf 88' lang='lat' dir='ltr'><strong>Sal·</strong></span> 
     </span>
     <span class='ocr_line' id='line_1_110' title="bbox 1045 3679 1833 3752; baseline 0.001 -18"><span class='ocrx_word' id='word_1_757' title='bbox 1045 3689 1122 3736; x_wconf 82' lang='lat' dir='ltr'><strong>vator</strong></span> <span class='ocrx_word' id='word_1_758' title='bbox 1130 3681 1261 3737; x_wconf 85' lang='lat' dir='ltr'><strong>clamabat</strong></span> <span class='ocrx_word' id='word_1_759' title='bbox 1275 3682 1420 3736; x_wconf 78' lang='lat' dir='ltr'><strong>:Attendite</strong></span> <span class='ocrx_word' id='word_1_760' title='bbox 1438 3681 1505 3735; x_wconf 82' lang='lat' dir='ltr'><strong>uobis</strong></span> <span class='ocrx_word' id='word_1_761' title='bbox 1515 3698 1531 3733; x_wconf 93' lang='lat' dir='ltr'><strong>a</strong></span> <span class='ocrx_word' id='word_1_762' title='bbox 1543 3679 1776 3751; x_wconf 71' lang='lat' dir='ltr'><strong>pseudoprophetis,</strong></span> <span class='ocrx_word' id='word_1_763' title='bbox 1790 3685 1833 3752; x_wconf 82' lang='lat' dir='ltr'><strong>qui</strong></span> 
     </span>
     <span class='ocr_line' id='line_1_111' title="bbox 1045 3771 1832 3836; baseline -0.001 -9"><span class='ocrx_word' id='word_1_764' title='bbox 1045 3774 1145 3827; x_wconf 78' lang='lat' dir='ltr'><strong>uariunt</strong></span> <span class='ocrx_word' id='word_1_765' title='bbox 1163 3774 1197 3827; x_wconf 88' lang='lat' dir='ltr'><strong>ud</strong></span> <span class='ocrx_word' id='word_1_766' title='bbox 1213 3789 1256 3826; x_wconf 86' lang='lat' dir='ltr'><strong>uos</strong></span> <span class='ocrx_word' id='word_1_767' title='bbox 1273 3773 1300 3826; x_wconf 89' lang='lat' dir='ltr'><strong>in</strong></span> <span class='ocrx_word' id='word_1_768' title='bbox 1311 3773 1400 3826; x_wconf 85' lang='lat' dir='ltr'><strong>uestitu</strong></span> <span class='ocrx_word' id='word_1_769' title='bbox 1421 3772 1517 3836; x_wconf 88' lang='lat' dir='ltr'><strong>ouium,</strong></span> <span class='ocrx_word' id='word_1_770' title='bbox 1539 3771 1570 3824; x_wconf 82' lang='lat' dir='ltr'><strong>ab</strong></span> <span class='ocrx_word' id='word_1_771' title='bbox 1589 3771 1655 3823; x_wconf 80' lang='lat' dir='ltr'><strong>intua</strong></span> <span class='ocrx_word' id='word_1_772' title='bbox 1672 3780 1755 3824; x_wconf 77' lang='lat' dir='ltr'><strong>annm</strong></span> <span class='ocrx_word' id='word_1_773' title='bbox 1775 3783 1832 3826; x_wconf 82' lang='lat' dir='ltr'><strong>suns</strong></span> 
     </span>
     <span class='ocr_line' id='line_1_112' title="bbox 1046 3859 1831 3933; baseline 0.001 -18"><span class='ocrx_word' id='word_1_774' title='bbox 1046 3862 1100 3932; x_wconf 88' lang='lat' dir='ltr'><strong>lupi</strong></span> <span class='ocrx_word' id='word_1_775' title='bbox 1112 3877 1229 3933; x_wconf 83' lang='lat' dir='ltr'><strong>rapaces,</strong></span> <span class='ocrx_word' id='word_1_776' title='bbox 1246 3860 1337 3915; x_wconf 81' lang='lat' dir='ltr'><strong>llatllr.</strong></span> <span class='ocrx_word' id='word_1_777' title='bbox 1355 3861 1380 3914; x_wconf 88' lang='grc'><strong>7.</strong></span> <span class='ocrx_word' id='word_1_778' title='bbox 1399 3860 1467 3927; x_wconf 81' lang='lat' dir='ltr'><strong>Quid</strong></span> <span class='ocrx_word' id='word_1_779' title='bbox 1483 3869 1524 3915; x_wconf 90' lang='lat' dir='ltr'><strong>cst</strong></span> <span class='ocrx_word' id='word_1_780' title='bbox 1535 3859 1645 3915; x_wconf 80' lang='lat' dir='ltr'><strong>restitus</strong></span> <span class='ocrx_word' id='word_1_781' title='bbox 1662 3861 1766 3922; x_wconf 83' lang='lat' dir='ltr'><strong>orium.</strong></span> <span class='ocrx_word' id='word_1_782' title='bbox 1781 3862 1831 3916; x_wconf 87' lang='lat' dir='ltr'><strong>nisi</strong></span> 
     </span>
     <span class='ocr_line' id='line_1_113' title="bbox 1045 3949 1829 4021; baseline 0.001 -16"><span class='ocrx_word' id='word_1_783' title='bbox 1045 3950 1238 4020; x_wconf 84' lang='lat' dir='ltr'><strong>Prophetarum</strong></span> <span class='ocrx_word' id='word_1_784' title='bbox 1250 3960 1278 4007; x_wconf 94' lang='lat' dir='ltr'><strong>et</strong></span> <span class='ocrx_word' id='word_1_785' title='bbox 1289 3951 1474 4021; x_wconf 79' lang='lat' dir='ltr'><strong>Apostolorum</strong></span> <span class='ocrx_word' id='word_1_786' title='bbox 1493 3949 1646 4020; x_wconf 91' lang='lat' dir='ltr'><strong>proloquia,</strong></span> <span class='ocrx_word' id='word_1_787' title='bbox 1667 3965 1725 4019; x_wconf 73' lang='lat' dir='ltr'><strong>quac</strong></span> <span class='ocrx_word' id='word_1_788' title='bbox 1739 3951 1829 4018; x_wconf 86' lang='lat' dir='ltr'><strong>iidem,</strong></span> 
     </span>
     <span class='ocr_line' id='line_1_114' title="bbox 1045 4036 1830 4112; baseline 0.001 -17"><span class='ocrx_word' id='word_1_789' title='bbox 1045 4040 1108 4096; x_wconf 83' lang='lat' dir='ltr'><strong>ovili</strong></span> <span class='ocrx_word' id='word_1_790' title='bbox 1124 4040 1239 4111; x_wconf 88' lang='lat' dir='ltr'><strong>quadam</strong></span> <span class='ocrx_word' id='word_1_791' title='bbox 1258 4040 1423 4107; x_wconf 82' lang='lat' dir='ltr'><strong>sinceritate,</strong></span> <span class='ocrx_word' id='word_1_792' title='bbox 1442 4053 1511 4110; x_wconf 76' lang='lat' dir='ltr'><strong>aquo</strong></span> <span class='ocrx_word' id='word_1_793' title='bbox 1526 4036 1565 4092; x_wconf 90' lang='lat' dir='ltr'><strong>illi</strong></span> <span class='ocrx_word' id='word_1_794' title='bbox 1584 4037 1765 4104; x_wconf 84' lang='lat' dir='ltr'><strong>immaculato,</strong></span> <span class='ocrx_word' id='word_1_795' title='bbox 1785 4042 1830 4112; x_wconf 92' lang='lat' dir='ltr'><strong>qui</strong></span> 
     </span>
    </p>
   </div>
   <div class='ocr_carea' id='block_1_17' title="bbox 1042 4209 1898 4769">
    <p class='ocr_par' dir='ltr' id='par_1_21' title="bbox 1044 4209 1830 4488">
     <span class='ocr_line' id='line_1_115' title="bbox 1080 4209 1830 4285; baseline -0.005 -16"><span class='ocrx_word' id='word_1_796' title='bbox 1080 4214 1118 4285; x_wconf 90' lang='grc'><strong>(1)</strong></span> <span class='ocrx_word' id='word_1_797' title='bbox 1131 4215 1196 4282; x_wconf 77' lang='lat' dir='ltr'><strong>Quae</strong></span> <span class='ocrx_word' id='word_1_798' title='bbox 1209 4213 1267 4269; x_wconf 82' lang='lat' dir='ltr'><strong>lusa</strong></span> <span class='ocrx_word' id='word_1_799' title='bbox 1285 4214 1370 4276; x_wconf 83' lang='lat' dir='ltr'><strong>bloet</strong></span> <span class='ocrx_word' id='word_1_800' title='bbox 1381 4211 1551 4283; x_wconf 52' lang='lat' dir='ltr'><strong>sequendus</strong></span> <span class='ocrx_word' id='word_1_801' title='bbox 1569 4209 1697 4276; x_wconf 89' lang='lat' dir='ltr'><strong>numeris,</strong></span> <span class='ocrx_word' id='word_1_802' title='bbox 1711 4209 1744 4266; x_wconf 95' lang='lat' dir='ltr'><strong>de</strong></span> <span class='ocrx_word' id='word_1_803' title='bbox 1757 4210 1830 4265; x_wconf 91' lang='lat' dir='ltr'><strong>Seri-</strong></span> 
     </span>
     <span class='ocr_line' id='line_1_116' title="bbox 1044 4279 1828 4354; baseline -0.005 -17"><span class='ocrx_word' id='word_1_804' title='bbox 1044 4292 1128 4354; x_wconf 81' lang='lat' dir='ltr'><strong>plurae</strong></span> <span class='ocrx_word' id='word_1_805' title='bbox 1140 4285 1223 4339; x_wconf 89' lang='lat' dir='ltr'><strong>abusu</strong></span> <span class='ocrx_word' id='word_1_806' title='bbox 1233 4284 1302 4354; x_wconf 89' lang='lat' dir='ltr'><strong>apud</strong></span> <span class='ocrx_word' id='word_1_807' title='bbox 1317 4283 1469 4346; x_wconf 65' lang='lat' dir='ltr'><strong>haereticos,</strong></span> <span class='ocrx_word' id='word_1_808' title='bbox 1484 4282 1521 4334; x_wconf 87' lang='lat' dir='ltr'><strong>ait</strong></span> <span class='ocrx_word' id='word_1_809' title='bbox 1532 4279 1691 4344; x_wconf 89' lang='lat' dir='ltr'><strong>Lirinensis,</strong></span> <span class='ocrx_word' id='word_1_810' title='bbox 1706 4279 1828 4350; x_wconf 86' lang='lat' dir='ltr'><strong>decerpta</strong></span> 
     </span>
     <span class='ocr_line' id='line_1_117' title="bbox 1044 4349 1827 4420; baseline -0.011 -13"><span class='ocrx_word' id='word_1_811' title='bbox 1044 4360 1105 4408; x_wconf 89' lang='lat' dir='ltr'><strong>sunt</strong></span> <span class='ocrx_word' id='word_1_812' title='bbox 1118 4368 1148 4407; x_wconf 86' lang='lat' dir='ltr'><strong>ex</strong></span> <span class='ocrx_word' id='word_1_813' title='bbox 1162 4354 1208 4407; x_wconf 90' lang='lat' dir='ltr'><strong>lib.</strong></span> <span class='ocrx_word' id='word_1_814' title='bbox 1220 4353 1372 4407; x_wconf 80' lang='lat' dir='ltr'><strong>Tertulliani</strong></span> <span class='ocrx_word' id='word_1_815' title='bbox 1386 4352 1419 4407; x_wconf 89' lang='lat' dir='ltr'><strong>de</strong></span> <span class='ocrx_word' id='word_1_816' title='bbox 1432 4351 1592 4420; x_wconf 79' lang='lat' dir='ltr'><strong>Praescript.,</strong></span> <span class='ocrx_word' id='word_1_817' title='bbox 1602 4349 1749 4418; x_wconf 78' lang='lat' dir='ltr'><strong>presertim</strong></span> <span class='ocrx_word' id='word_1_818' title='bbox 1769 4365 1827 4420; x_wconf 87' lang='lat' dir='ltr'><strong>cap.</strong></span> 
     </span>
     <span class='ocr_line' id='line_1_118' title="bbox 1045 4420 1397 4488; baseline -0.009 -10"><span class='ocrx_word' id='word_1_819' title='bbox 1045 4422 1090 4488; x_wconf 70' lang='lat'><strong>38,</strong></span> <span class='ocrx_word' id='word_1_820' title='bbox 1105 4423 1139 4477; x_wconf 77' lang='lat'><strong>59</strong></span> <span class='ocrx_word' id='word_1_821' title='bbox 1148 4432 1175 4478; x_wconf 90' lang='lat' dir='ltr'><strong>et</strong></span> <span class='ocrx_word' id='word_1_822' title='bbox 1187 4424 1231 4478; x_wconf 87' lang='lat' dir='ltr'><strong>lo.</strong></span> <span class='ocrx_word' id='word_1_823' title='bbox 1241 4423 1307 4478; x_wconf 81' lang='lat' dir='ltr'><strong>vide</strong></span> <span class='ocrx_word' id='word_1_824' title='bbox 1320 4420 1397 4476; x_wconf 86' lang='lat' dir='ltr'><strong>inira.</strong></span> 
     </span>
    </p>

    <p class='ocr_par' dir='ltr' id='par_1_22' title="bbox 1042 4487 1898 4769">
     <span class='ocr_line' id='line_1_119' title="bbox 1079 4487 1825 4573; baseline -0.007 -27"><span class='ocrx_word' id='word_1_825' title='bbox 1079 4493 1117 4573; x_wconf 74' lang='lat'><strong>(2)</strong></span> <span class='ocrx_word' id='word_1_826' title='bbox 1131 4492 1172 4546; x_wconf 77' lang='lat' dir='ltr'><strong>bn</strong></span> <span class='ocrx_word' id='word_1_827' title='bbox 1187 4491 1244 4547; x_wconf 84' lang='lat' dir='ltr'><strong>baee</strong></span> <span class='ocrx_word' id='word_1_828' title='bbox 1258 4491 1291 4546; x_wconf 91' lang='lat' dir='ltr'><strong>de</strong></span> <span class='ocrx_word' id='word_1_829' title='bbox 1300 4492 1415 4562; x_wconf 86' lang='lat' dir='ltr'><strong>parvulis</strong></span> <span class='ocrx_word' id='word_1_830' title='bbox 1429 4491 1532 4545; x_wconf 89' lang='lat' dir='ltr'><strong>incaute</strong></span> <span class='ocrx_word' id='word_1_831' title='bbox 1547 4496 1651 4543; x_wconf 89' lang='lat' dir='ltr'><strong>austera</strong></span> <span class='ocrx_word' id='word_1_832' title='bbox 1665 4487 1757 4557; x_wconf 89' lang='lat' dir='ltr'><strong>pocula</strong></span> <span class='ocrx_word' id='word_1_833' title='bbox 1768 4502 1825 4542; x_wconf 89' lang='lat' dir='ltr'><strong>sor·</strong></span> 
     </span>
     <span class='ocr_line' id='line_1_120' title="bbox 1042 4556 1828 4631; baseline -0.005 -15"><span class='ocrx_word' id='word_1_834' title='bbox 1042 4560 1175 4628; x_wconf 82' lang='lat' dir='ltr'><strong>bentibus,</strong></span> <span class='ocrx_word' id='word_1_835' title='bbox 1189 4561 1350 4631; x_wconf 89' lang='lat' dir='ltr'><strong>decerpserit</strong></span> <span class='ocrx_word' id='word_1_836' title='bbox 1362 4576 1395 4615; x_wconf 85' lang='lat' dir='ltr'><strong>ex</strong></span> <span class='ocrx_word' id='word_1_837' title='bbox 1410 4560 1455 4614; x_wconf 90' lang='lat' dir='ltr'><strong>lib.</strong></span> <span class='ocrx_word' id='word_1_838' title='bbox 1470 4561 1487 4614; x_wconf 87' lang='grc'><strong>1</strong></span> <span class='ocrx_word' id='word_1_839' title='bbox 1501 4557 1614 4612; x_wconf 86' lang='lat' dir='ltr'><strong>Lucretii</strong></span> <span class='ocrx_word' id='word_1_840' title='bbox 1626 4556 1660 4611; x_wconf 91' lang='lat' dir='ltr'><strong>de</strong></span> <span class='ocrx_word' id='word_1_841' title='bbox 1676 4556 1772 4611; x_wconf 88' lang='lat' dir='ltr'><strong>Natura</strong></span> <span class='ocrx_word' id='word_1_842' title='bbox 1786 4571 1828 4612; x_wconf 84' lang='lat' dir='ltr'><strong>re-</strong></span> 
     </span>
     <span class='ocr_line' id='line_1_121' title="bbox 1042 4625 1898 4697; baseline -0.008 -13"><span class='ocrx_word' id='word_1_843' title='bbox 1042 4646 1112 4697; x_wconf 88' lang='lat' dir='ltr'><strong>rum,</strong></span> <span class='ocrx_word' id='word_1_844' title='bbox 1127 4631 1236 4685; x_wconf 78' lang='lat' dir='ltr'><strong>delinire</strong></span> <span class='ocrx_word' id='word_1_845' title='bbox 1245 4647 1296 4684; x_wconf 91' lang='lat' dir='ltr'><strong>non</strong></span> <span class='ocrx_word' id='word_1_846' title='bbox 1310 4629 1409 4695; x_wconf 88' lang='lat' dir='ltr'><strong>audeo;</strong></span> <span class='ocrx_word' id='word_1_847' title='bbox 1424 4629 1518 4684; x_wconf 89' lang='lat' dir='ltr'><strong>similia</strong></span> <span class='ocrx_word' id='word_1_848' title='bbox 1532 4637 1619 4681; x_wconf 78' lang='lat' dir='ltr'><strong>mmen</strong></span> <span class='ocrx_word' id='word_1_849' title='bbox 1630 4635 1691 4680; x_wconf 89' lang='lat' dir='ltr'><strong>sunt</strong></span> <span class='ocrx_word' id='word_1_850' title='bbox 1703 4625 1754 4694; x_wconf 88' lang='lat' dir='ltr'><strong>bis,</strong></span> <span class='ocrx_word' id='word_1_851' title='bbox 1769 4640 1827 4696; x_wconf 72' lang='lat' dir='ltr'><strong>qaae</strong></span> <span class='ocrx_word' id='word_1_852' title='bbox 1892 4671 1898 4676; x_wconf 92' lang='lat'><em>.</em></span> 
     </span>
     <span class='ocr_line' id='line_1_122' title="bbox 1043 4696 1678 4769; baseline -0.005 -17"><span class='ocrx_word' id='word_1_853' title='bbox 1043 4698 1093 4753; x_wconf 87' lang='lat' dir='ltr'><strong>iste</strong></span> <span class='ocrx_word' id='word_1_854' title='bbox 1105 4700 1185 4766; x_wconf 90' lang='lat' dir='ltr'><strong>canit,</strong></span> <span class='ocrx_word' id='word_1_855' title='bbox 1199 4700 1261 4755; x_wconf 91' lang='lat' dir='ltr'><strong>dum</strong></span> <span class='ocrx_word' id='word_1_856' title='bbox 1275 4707 1371 4769; x_wconf 76' lang='lat' dir='ltr'><strong>prater</strong></span> <span class='ocrx_word' id='word_1_857' title='bbox 1384 4700 1507 4756; x_wconf 90' lang='lat' dir='ltr'><strong>meritum</strong></span> <span class='ocrx_word' id='word_1_858' title='bbox 1517 4711 1546 4752; x_wconf 91' lang='lat' dir='ltr'><strong>se</strong></span> <span class='ocrx_word' id='word_1_859' title='bbox 1558 4696 1678 4750; x_wconf 81' lang='lat' dir='ltr'><strong>extollit:</strong></span> 
     </span>
    </p>
   </div>
   <div class='ocr_carea' id='block_1_18' title="bbox 1076 4804 1769 5293">
    <p class='ocr_par' dir='ltr' id='par_1_23' title="bbox 1076 4804 1769 5293">
     <span class='ocr_line' id='line_1_123' title="bbox 1206 4804 1641 4861; baseline -0.002 -2.112"><span class='ocrx_word' id='word_1_860' title='bbox 1206 4807 1297 4861; x_wconf 83' lang='lat' dir='ltr'><strong>Pueris</strong></span> <span class='ocrx_word' id='word_1_861' title='bbox 1307 4807 1432 4860; x_wconf 71' lang='lat' dir='ltr'><strong>absinthia</strong></span> <span class='ocrx_word' id='word_1_862' title='bbox 1444 4815 1507 4859; x_wconf 84' lang='lat' dir='ltr'><strong>tetra</strong></span> <span class='ocrx_word' id='word_1_863' title='bbox 1516 4804 1641 4858; x_wconf 78' lang='lat' dir='ltr'><strong>medentes</strong></span> 
     </span>
     <span class='ocr_line' id='line_1_124' title="bbox 1079 4872 1730 4958; baseline -0.005 -29"><span class='ocrx_word' id='word_1_864' title='bbox 1079 4876 1161 4941; x_wconf 84' lang='lat' dir='ltr'><strong>Quum</strong></span> <span class='ocrx_word' id='word_1_865' title='bbox 1171 4877 1231 4931; x_wconf 84' lang='lat' dir='ltr'><strong>dare</strong></span> <span class='ocrx_word' id='word_1_866' title='bbox 1243 4885 1374 4939; x_wconf 87' lang='lat' dir='ltr'><strong>conantur,</strong></span> <span class='ocrx_word' id='word_1_867' title='bbox 1387 4876 1455 4958; x_wconf 81' lang='lat' dir='ltr'><strong>priua</strong></span> <span class='ocrx_word' id='word_1_868' title='bbox 1466 4890 1524 4928; x_wconf 76' lang='lat' dir='ltr'><strong>oras</strong></span> <span class='ocrx_word' id='word_1_869' title='bbox 1599 4874 1624 4926; x_wconf 91' lang='lat' dir='ltr'><strong>la</strong></span> <span class='ocrx_word' id='word_1_870' title='bbox 1635 4872 1730 4927; x_wconf 77' lang='lat' dir='ltr'><strong>circum</strong></span> 
     </span>
     <span class='ocr_line' id='line_1_125' title="bbox 1077 4943 1641 5017; baseline -0.007 -18"><span class='ocrx_word' id='word_1_871' title='bbox 1077 4943 1546 5017; x_wconf 70' lang='lat' dir='ltr'><strong>Gontinpuntmellisdulettiuuoquei</strong></span> <span class='ocrx_word' id='word_1_872' title='bbox 1609 4956 1641 4995; x_wconf 83' lang='lat' dir='ltr'><strong>e:</strong></span> 
     </span>
     <span class='ocr_line' id='line_1_126' title="bbox 1078 4958 1629 5086; baseline -0.007 -18"><span class='ocrx_word' id='word_1_873' title='bbox 1078 5013 1112 5068; x_wconf 80' lang='lat' dir='ltr'><strong>lu</strong></span> <span class='ocrx_word' id='word_1_874' title='bbox 1126 5031 1259 5086; x_wconf 83' lang='lat' dir='ltr'><strong>puerorum</strong></span> <span class='ocrx_word' id='word_1_875' title='bbox 1268 5024 1328 5068; x_wconf 85' lang='lat' dir='ltr'><strong>retas</strong></span> <span class='ocrx_word' id='word_1_876' title='bbox 1338 5013 1477 5083; x_wconf 81' lang='lat' dir='ltr'><strong>improuida</strong></span> <span class='ocrx_word' id='word_1_877' title='bbox 1486 4958 1629 5081; x_wconf 52' lang='lat' dir='ltr'><strong>laedimur</strong></span> 
     </span>
     <span class='ocr_line' id='line_1_127' title="bbox 1076 5082 1769 5152; baseline 0 -16"><span class='ocrx_word' id='word_1_878' title='bbox 1076 5082 1415 5151; x_wconf 72' lang='lat' dir='ltr'><strong>labrorumtenus,t&#39;nterea</strong></span> <span class='ocrx_word' id='word_1_879' title='bbox 1426 5091 1661 5152; x_wconf 76' lang='lat' dir='ltr'><strong>papotetninaruttt</strong></span> <span class='ocrx_word' id='word_1_880' title='bbox 1760 5127 1769 5136; x_wconf 79' lang='lat'>.</span> 
     </span>
     <span class='ocr_line' id='line_1_128' title="bbox 1076 5150 1671 5222; baseline -0.005 -16"><span class='ocrx_word' id='word_1_881' title='bbox 1076 5152 1310 5216; x_wconf 67' lang='lat' dir='ltr'><strong>auenniensem,</strong></span> <span class='ocrx_word' id='word_1_882' title='bbox 1325 5152 1474 5222; x_wconf 68' lang='lat' dir='ltr'><strong>dantque</strong></span> <span class='ocrx_word' id='word_1_883' title='bbox 1485 5167 1535 5204; x_wconf 83' lang='lat' dir='ltr'><strong>nnn</strong></span> <span class='ocrx_word' id='word_1_884' title='bbox 1547 5150 1671 5219; x_wconf 66' lang='lat' dir='ltr'><strong>eanum,</strong></span> 
     </span>
     <span class='ocr_line' id='line_1_129' title="bbox 1076 5220 1604 5293; baseline -0.009 -17"><span class='ocrx_word' id='word_1_885' title='bbox 1076 5221 1129 5275; x_wconf 83' lang='lat' dir='ltr'><strong>Sed</strong></span> <span class='ocrx_word' id='word_1_886' title='bbox 1139 5223 1221 5293; x_wconf 81' lang='lat' dir='ltr'><strong>potins</strong></span> <span class='ocrx_word' id='word_1_887' title='bbox 1237 5223 1282 5275; x_wconf 91' lang='lat' dir='ltr'><strong>tali</strong></span> <span class='ocrx_word' id='word_1_888' title='bbox 1291 5222 1358 5293; x_wconf 71' lang='lat' dir='ltr'><strong>facto</strong></span> <span class='ocrx_word' id='word_1_889' title='bbox 1368 5229 1478 5274; x_wconf 82' lang='lat' dir='ltr'><strong>recreata</strong></span> <span class='ocrx_word' id='word_1_890' title='bbox 1486 5220 1604 5273; x_wconf 68' lang='lat' dir='ltr'><strong>sumat.</strong></span> 
     </span>
    </p>
   </div>
   <div class='ocr_carea' id='block_1_19' title="bbox 1040 5336 1823 5548">
    <p class='ocr_par' dir='ltr' id='par_1_24' title="bbox 1040 5336 1823 5548">
     <span class='ocr_line' id='line_1_130' title="bbox 1041 5336 1823 5423; baseline -0.003 -29"><span class='ocrx_word' id='word_1_891' title='bbox 1041 5341 1149 5423; x_wconf 23' lang='lat' dir='ltr'><strong>btbtpria</strong></span> <span class='ocrx_word' id='word_1_892' title='bbox 1160 5341 1269 5396; x_wconf 89' lang='lat' dir='ltr'><strong>minime</strong></span> <span class='ocrx_word' id='word_1_893' title='bbox 1281 5342 1399 5422; x_wconf 77' lang='lat' dir='ltr'><strong>raleseb,</strong></span> <span class='ocrx_word' id='word_1_894' title='bbox 1419 5341 1466 5411; x_wconf 90' lang='lat' dir='ltr'><strong>qui</strong></span> <span class='ocrx_word' id='word_1_895' title='bbox 1483 5353 1602 5394; x_wconf 89' lang='lat' dir='ltr'><strong>amamm</strong></span> <span class='ocrx_word' id='word_1_896' title='bbox 1617 5336 1823 5411; x_wconf 67' lang='lat' dir='ltr'><strong>amoenumque</strong></span> 
     </span>
     <span class='ocr_line' id='line_1_131' title="bbox 1040 5405 1822 5477; baseline 0 -16"><span class='ocrx_word' id='word_1_897' title='bbox 1040 5409 1122 5464; x_wconf 84' lang='lat' dir='ltr'><strong>ebrbrt</strong></span> <span class='ocrx_word' id='word_1_898' title='bbox 1139 5426 1272 5475; x_wconf 91' lang='lat' dir='ltr'><strong>errorem,</strong></span> <span class='ocrx_word' id='word_1_899' title='bbox 1292 5411 1354 5466; x_wconf 85' lang='lat' dir='ltr'><strong>ltcet</strong></span> <span class='ocrx_word' id='word_1_900' title='bbox 1370 5411 1459 5465; x_wconf 90' lang='lat' dir='ltr'><strong>colore</strong></span> <span class='ocrx_word' id='word_1_901' title='bbox 1479 5409 1563 5464; x_wconf 89' lang='lat' dir='ltr'><strong>multo</strong></span> <span class='ocrx_word' id='word_1_902' title='bbox 1582 5405 1740 5474; x_wconf 88' lang='lat' dir='ltr'><strong>obductum;</strong></span> <span class='ocrx_word' id='word_1_903' title='bbox 1758 5423 1822 5477; x_wconf 82' lang='lat' dir='ltr'><strong>pro-</strong></span> 
     </span>
     <span class='ocr_line' id='line_1_132' title="bbox 1040 5476 1820 5548; baseline -0.001 -17"><span class='ocrx_word' id='word_1_904' title='bbox 1040 5487 1130 5547; x_wconf 88' lang='lat' dir='ltr'><strong>pterea</strong></span> <span class='ocrx_word' id='word_1_905' title='bbox 1141 5479 1170 5535; x_wconf 86' lang='lat' dir='ltr'><strong>S.</strong></span> <span class='ocrx_word' id='word_1_906' title='bbox 1181 5480 1228 5534; x_wconf 82' lang='lat' dir='ltr'><strong>l&#39;ir</strong></span> <span class='ocrx_word' id='word_1_907' title='bbox 1240 5480 1360 5535; x_wconf 91' lang='lat' dir='ltr'><strong>consulto</strong></span> <span class='ocrx_word' id='word_1_908' title='bbox 1372 5480 1475 5535; x_wconf 90' lang='lat' dir='ltr'><strong>illorum</strong></span> <span class='ocrx_word' id='word_1_909' title='bbox 1491 5478 1591 5548; x_wconf 78' lang='lat' dir='ltr'><strong>profert</strong></span> <span class='ocrx_word' id='word_1_910' title='bbox 1602 5476 1762 5547; x_wconf 79' lang='lat' dir='ltr'><strong>exemplum,</strong></span> <span class='ocrx_word' id='word_1_911' title='bbox 1775 5477 1820 5546; x_wconf 89' lang='lat' dir='ltr'><strong>qni</strong></span> 
     </span>
    </p>
   </div>
   <div class='ocr_carea' id='block_1_20' title="bbox 1025 5548 1818 5616">
    <p class='ocr_par' dir='ltr' id='par_1_25' title="bbox 1025 5548 1818 5616">
     <span class='ocr_line' id='line_1_133' title="bbox 1025 5548 1818 5616; baseline 0.003 -16"><span class='ocrx_word' id='word_1_912' title='bbox 1025 5550 1128 5603; x_wconf 81' lang='lat' dir='ltr'><strong>&#39;noxios</strong></span> <span class='ocrx_word' id='word_1_913' title='bbox 1143 5566 1229 5603; x_wconf 84' lang='lat' dir='ltr'><strong>succos</strong></span> <span class='ocrx_word' id='word_1_914' title='bbox 1245 5549 1436 5603; x_wconf 81' lang='lat' dir='ltr'><strong>aredicanrinum</strong></span> <span class='ocrx_word' id='word_1_915' title='bbox 1449 5548 1574 5603; x_wconf 69' lang='lat' dir='ltr'><strong>macuto</strong></span> <span class='ocrx_word' id='word_1_916' title='bbox 1590 5548 1770 5616; x_wconf 67' lang='lat' dir='ltr'><strong>praecolorant,</strong></span> <span class='ocrx_word' id='word_1_917' title='bbox 1787 5561 1818 5602; x_wconf 77' lang='lat' dir='ltr'><strong>ct</strong></span> 
     </span>
    </p>
   </div>
   <div class='ocr_carea' id='block_1_21' title="bbox 1039 5618 1574 5687">
    <p class='ocr_par' dir='ltr' id='par_1_26' title="bbox 1039 5618 1574 5687">
     <span class='ocr_line' id='line_1_134' title="bbox 1039 5618 1574 5687; baseline 0.011 -21"><span class='ocrx_word' id='word_1_918' title='bbox 1039 5619 1133 5685; x_wconf 82' lang='lat' dir='ltr'><strong>quibus</strong></span> <span class='ocrx_word' id='word_1_919' title='bbox 1146 5629 1215 5673; x_wconf 85' lang='lat' dir='ltr'><strong>certa</strong></span> <span class='ocrx_word' id='word_1_920' title='bbox 1230 5618 1385 5687; x_wconf 75' lang='lat' dir='ltr'><strong>trinestaque</strong></span> <span class='ocrx_word' id='word_1_921' title='bbox 1396 5619 1480 5672; x_wconf 85' lang='lat' dir='ltr'><strong>oritur</strong></span> <span class='ocrx_word' id='word_1_922' title='bbox 1493 5632 1574 5672; x_wconf 78' lang='lat' dir='ltr'><strong>nrum.</strong></span> 
     </span>
    </p>
   </div>
   <div class='ocr_carea' id='block_1_22' title="bbox 0 0 2010 6184">
    <p class='ocr_par' dir='ltr' id='par_1_27' title="bbox 0 0 2010 6184">
     <span class='ocr_line' id='line_1_135' title="bbox 0 0 2010 6184; baseline 0 0"><span class='ocrx_word' id='word_1_923' title='bbox 0 0 2010 6184; x_wconf 95' lang='lat' dir='ltr'><strong> </strong></span> 
     </span>
    </p>
   </div>
  </div>
 </body>
</html>
