4009 6184
210 369 260 426 l‘iii
869 359 1011 417 tutsxts
1031 361 1188 422 caestum
1792 366 1858 426 ,tat

210 489 307 545 surianis
318 483 455 551 aetimatio,
467 495 500 538 ιι
512 475 715 534 insensibilibus
727 474 1001 549 sensthtttquascuo-
1016 488 1039 548 p
1056 487 1176 534 erraterna
1187 493 1270 534 earne
1291 477 1490 535 didiceruntll
1508 478 1563 535 Nee
1577 490 1685 536 uterum
1701 482 1795 556 ntique
1809 499 1859 541 ne·

212 594 264 636 tur.
280 578 331 648 Qui
342 574 431 647 opilea
448 573 516 638 iilic,
532 571 577 643 qui
595 569 741 625 loitrieator
752 579 803 635 est,
817 566 862 637 qai
877 566 1009 621 torneator
1060 577 1131 636 erent,
1145 584 1196 625 nee
1217 585 1310 625 sereren
1324 571 1414 627 seiont
1430 570 1558 640 :depasti
1579 573 1859 633 tautumnrntlollores

211 659 1009 745 corporum,quiinspiratoranimarnmisarnumuertique
1062 662 1090 718 in
1114 662 1234 717 alsearia
1262 671 1466 734 cooperantem
1494 677 1527 719 es
1546 663 1650 736 'quibus
1675 666 1859 724 tumularunt

211 770 311 837 ipsum,
323 777 376 832 quo
387 761 493 816 interae.
506 756 582 828 qnasi
597 755 753 825 lequuntur,
765 753 825 822 quis
836 750 927 806 tentet
938 750 1011 806 Con-
1061 754 1168 825 upihein
1183 770 1249 825 apes
1271 764 1385 811 exeunt.
1401 753 1471 810 ereil
1494 754 1550 811 illie
1568 756 1731 826 genitricum
1753 760 1858 816 uiscera

210 856 352 912 eternitates
366 852 415 906 iras
437 848 549 919 pedum,
564 846 649 901 artem
664 844 751 899 orierm
773 842 864 918 [Lips.
884 845 911 897 in
924 858 1006 912 nrarq.
1061 844 1180 916 prolibus
1195 844 1358 913 conternnt3
1379 861 1467 917 neque
1480 861 1546 916 apes
1561 861 1594 901 es
1608 848 1703 917 apibus
1721 849 1857 918 odurnur3

211 940 408 1022 ieeqeniorumi,
418 939 634 1012 elegantiamque
644 933 913 1008 pinnarurnihips.in
926 950 1009 1002 neerp.
1060 938 1194 1009 operariae
1208 950 1270 993 snm
1285 947 1399 1008 tanturn,
1420 956 1472 995 reon
1488 940 1700 1011 procreatricem
1714 956 1748 996 ex
1761 942 1860 996 herira-

210 1037 372 1114 pennarutn]
382 1035 443 1108 quis
454 1033 531 1089 linxit
546 1041 626 1103 atque
645 1028 816 1099 compesuit?
829 1037 842 1065 ι
856 1025 1005 1098 ingenium,

210 1140 296 1205 iram,
316 1131 520 1206 provisionem,
542 1136 660 1193 motum,
678 1123 871 1195 placiditatem,
893 1127 1009 1176 contur-

168 1215 170 1220 ’
209 1231 292 1296 sliam,
315 1223 531 1288 dissensionem,
555 1219 644 1284 belia,
670 1232 780 1289 paeane,
796 1215 1007 1279 ordinationem,

210 1320 432 1392 dispositionem,
446 1314 551 1380 niheia,
568 1313 755 1384 principatus,
778 1310 868 1366 omnia
889 1308 1008 1380 deniquo

209 1431 269 1487 epm
285 1421 345 1469 sunt
357 1409 409 1466 illis
422 1407 498 1480 quasi
517 1421 579 1462 euru
594 1405 714 1460 humano
728 1401 1006 1475 qenereeommunia,

209 1508 286 1578 cuijus
300 1505 431 1574 doctrina,
445 1511 491 1557 aun
503 1498 581 1570 errius
600 1511 724 1566 annitere,
740 1514 795 1571 qno
809 1496 948 1554 irnhuente
960 1502 1009 1552 aut

209 1614 262 1669 qnn
274 1598 432 1653 instituente
444 1591 635 1664 sumpserunt?
648 1590 787 1663 Numqnirl
799 1590 852 1648 lene
864 1606 879 1646 a
895 1598 1008 1661 paterne

209 1692 313 1748 semine
328 1688 443 1758 indeptae
457 1685 537 1741 suntl
549 1692 595 1739 aut
607 1681 635 1737 in
650 1683 761 1754 genitali
776 1693 867 1749 utere,
882 1691 965 1752 atqne
980 1680 1008 1735 in

1058 1048 1116 1086 rum
1130 1030 1251 1086 hoseulis
1261 1033 1409 1087 animantia
1421 1032 1556 1103 protiennt
1567 1051 1575 1085 ι
1586 1032 1651 1104 quiri
1662 1033 1750 1090 simile
1764 1036 1807 1091 leet
1815 1036 1858 1092 leis

1056 1135 1084 1179 et
1095 1123 1296 1179 anienantihus?
1311 1125 1371 1194 quis
1384 1123 1533 1180 fabricator
1545 1126 1624 1196 igitur
1637 1141 1727 1182 rerum
1742 1128 1857 1184 istarum

1055 1217 1091 1272 sit
1102 1216 1184 1273 credo
1198 1216 1335 1288 intelligis.
1349 1216 1360 1271 l
1375 1232 1446 1273 nune
1457 1229 1483 1272 et
1494 1219 1612 1289 anrhige,
1628 1234 1662 1273 arn
1675 1220 1792 1288 potuerit
1807 1235 1857 1276 ns·

1057 1310 1156 1366 tivitati
1175 1309 1573 1376 superetnesuperetne,
1595 1309 1667 1379 quod
1691 1309 1769 1367 eides
1792 1326 1857 1368 eune

1059 1405 1141 1461 etiam
1158 1403 1271 1460 iacturis
1281 1402 1401 1459 minimis
1414 1402 1591 1472 praestitisset
1606 1401 1776 1473 Superhnum
1786 1403 1859 1460 torto

1061 1496 1095 1551 sit
1111 1503 1173 1566 past
1185 1494 1243 1552 leae
1257 1503 1284 1552 et
1294 1494 1346 1550 alia
1361 1493 1425 1550 adali
1441 1492 1566 1563 aliquid!
1590 1493 1639 1548 seul
1661 1503 1750 1549 tamen
1772 1495 1856 1551 etiarn

1062 1604 1116 1642 eron
1128 1587 1282 1643 necessaria
1294 1586 1327 1641 ad
1338 1588 1506 1656 exemplum,
1517 1584 1649 1640 uellantur
1659 1585 1693 1640 ad
1707 1586 1868 1640 asteriolum(

1064 1690 1075 1719 ι
1094 1679 1216 1737 Loetrstis
1229 1687 1341 1750 repente
1354 1678 1460 1734 steletesi
1475 1693 1548 1746 aera,
1561 1677 1667 1748 impleri
1684 1690 1769 1733 terras
1783 1678 1858 1734 risle·

740 1794 868 1850 attunt
886 1792 1001 1851 GrtZAEl
1021 1791 1308 1850 ClillliENThlllUS.
1629 1862 1636 1873 ο

244 1910 256 1939 ·
273 1895 323 1966 Qui
338 1895 409 1950 tolet
425 1892 476 1946 ista
491 1889 577 1946 insius
590 1888 688 1944 tradita
709 1896 734 1944 et
755 1888 900 1955 explicata,
930 1888 1002 1957 legat
1014 1888 1041 1948 ii
1055 1886 1121 1940 risus
1132 1895 1169 1940 est
1180 1900 1329 1957 numquam.
1342 1882 1433 1938 i‘iures
1444 1886 1622 1939 eetrrtrnauere
1632 1893 1752 1953 oportere
1763 1872 1857 1956 consti

197 1967 381 2025 “Aristotelem
396 1964 459 2018 len
471 1961 505 2017 de
518 1960 698 2016 Generatinne
713 1957 883 2022 animalium,
895 1971 955 2027 esp.
969 1958 1003 2012 ltl

208 2052 236 2098 et
248 2041 295 2096 lile.
308 2052 337 2093 ts
352 2036 387 2091 de
399 2032 515 2088 Historia
530 2029 699 2092 arrinealium,
710 2044 770 2099 rap.
787 2028 838 2096 ttt;
855 2028 1002 2084 Varronem

209 2116 227 2168 t.
242 2126 270 2166 ιιι
283 2109 318 2165 tle
330 2104 492 2163 tteltusnea
508 2116 570 2171 eap.
592 2100 643 2165 {63
663 2098 779 2155 Plinium
805 2100 852 2154 lite.
871 2115 896 2153 rr
910 2100 1004 2168 caps

208 2195 235 2236 et
246 2179 439 2250 sequentilnrs3
454 2170 725 2242 (lenique'llirqiliurn
738 2186 763 2224 ιι
777 2168 942 2237 Genrpienn,
958 2170 1002 2224 nlri

207 2249 409 2319 moguntiense
420 2259 500 2311 apum
516 2251 639 2296 naturam
649 2243 887 2313 proprietatesque
900 2241 1005 2295 deseri·

208 2324 257 2378 leit.
272 2319 361 2374 l‘anen
377 2327 466 2369 tanuen
480 2327 513 2367 es
526 2311 652 2366 Patribus
667 2313 778 2382 insuper
789 2311 872 2374 atlhn,
885 2326 939 2366 nen
952 2314 1001 2365 reti·

209 2395 244 2450 tia
259 2400 373 2451 tantum,
389 2387 436 2440 sert
452 2394 480 2439 et
490 2383 621 2455 jureuerda.
644 2380 791 2452 Gregorius
815 2380 1003 2436 Nazianzenus

207 2461 336 2518 oppilane
350 2459 399 2511 ti:
417 2453 494 2508 Nune
508 2452 604 2506 sedulae
617 2467 688 2524 apes.
700 2451 794 2506 solutis
806 2454 909 2523 pennis,
922 2464 945 2505 et
958 2468 1001 2506 re-

208 2533 276 2588 lictis
289 2528 444 2589 aitearihus,
455 2524 590 2593 sapientie
607 2537 660 2575 serre
674 2523 856 2575 (loramentum
875 2523 1001 2588 prteheut,

208 2614 286 2673 atque
298 2603 332 2655 ari
342 2609 417 2671 prata
433 2593 579 2656 eonuoiant,
592 2594 720 2664 peremne
732 2592 876 2661 diripiuret;
891 2607 921 2646 ae
940 2609 1003 2664 prr-

209 2678 253 2729 tint
264 2671 371 2729 celiniae
383 2666 527 2727 elaborant,
542 2663 707 2736 aaronquius.
723 2673 747 2716 et
771 2664 837 2716 inter
856 2680 883 2732 se
898 2666 998 2736 appari·

209 2757 248 2801 rar
261 2740 362 2816 petates
373 2745 524 2800 atterentes,
541 2744 674 2802 rectasque
686 2733 854 2805 arrpularihns
866 2736 1001 2789 alternan-

209 2807 467 2876 remuneremini
483 2805 567 2875 operis
587 2803 743 2877 eieqantiant
759 2805 885 2875 quaerenti
906 2808 1002 2860 seenre'·

207 2896 285 2943 satem
298 2901 306 2944 :
318 2882 411 2955 partim
427 2878 475 2932 mel
489 2878 516 2930 in
531 2875 624 2931 horrea
640 2875 796 2936 recondunt,
813 2884 891 2948 atque
908 2876 1003 2943 hospiti

207 2973 256 3012 sera
281 2957 382 3011 risimen
407 2950 520 3021 [ructant
543 2955 567 3001 et
588 2947 718 3001 inaratam
742 2948 876 3017 penserunt
892 2963 901 3001 :
915 2964 1003 3017 qureret·

207 3027 348 3083 admodum
373 3026 472 3078 estinant
496 3033 543 3072 etos
559 3033 669 3088 qeeoque,
694 3017 736 3083 qui
763 3014 860 3071 Christi
874 3018 1003 3088 apiarium

209 3113 313 3160 suenus,
331 3109 361 3147 ae
376 3091 427 3148 teie
441 3090 536 3161 portien
550 3089 692 3159 sapientire,
716 3086 810 3159 partim
830 3086 965 3143 intinstrire
980 3098 1003 3143 at

209 3169 305 3224 laboris
319 3164 465 3230 eaerespium
477 3160 634 3231 aeeepirnus.
650 3159 698 3213 Ubi
715 3169 741 3212 et
762 3157 870 3212 illectas
891 3162 1004 3226 pulchre

209 3251 238 3295 et
252 3237 361 3306 raptore
382 3230 539 3287 «terestrem.
556 3230 594 3284 S!
609 3229 725 3299 Ephrem
742 3228 768 3280 in
785 3242 912 3283 sermone
936 3245 1003 3299 quo·

209 3312 271 3365 darn
286 3308 403 3362 aseetien
414 3302 448 3358 tle
464 3298 524 3355 tera
538 3299 675 3368 religiosa,
698 3300 857 3352 montelium
876 3300 919 3354 vsie
934 3301 1004 3354 allo·

209 3383 317 3448 quitur:
335 3373 442 3429 latiare
458 3386 543 3439 apem.
559 3368 719 3429 charissime,
742 3377 766 3421 et
779 3368 934 3425 hhrniralriIe
949 3373 1005 3445 ejus

209 3465 285 3507 serere
298 3448 458 3519 etquenam,
480 3455 531 3509 quo
556 3449 632 3508 perte
651 3441 698 3494 riia
720 3453 752 3492 eu
769 3439 846 3493 uariis
860 3442 1006 3511 sparsisque

210 3517 407 3591 terreeparihns
422 3526 499 3569 suurn
514 3510 612 3581 roiliqit
638 3510 781 3583 opificium.
808 3509 841 3563 ier
864 3510 913 3565 hae
943 3528 1006 3584 erqo

209 3608 288 3665 peren
302 3606 332 3644 ae
354 3588 399 3642 aiii
412 3586 543 3640 animante
566 3581 696 3635 solertiam
716 3595 835 3647 rnnqnane
859 3583 1003 3637 considera.

210 3665 242 3720 st
256 3663 423 3717 enimomnes
439 3654 569 3723 sapientes
584 3660 658 3707 terere
671 3650 808 3720 oneratique
821 3652 896 3705 nrhis
922 3654 1006 3721 phtia·

211 3733 286 3804 sophi
300 3727 448 3803 conpreqati
473 3725 580 3796 inerint,
598 3723 753 3796 sapientiam
772 3721 847 3776 illitas
866 3723 1006 3792 edisserere

210 3818 369 3876 neqemquoen
383 3800 423 3855 rai
438 3799 511 3857 hient,
530 3805 584 3849 etc.
606 3793 636 3850 S,
662 3793 822 3850 hnebrnsins
838 3793 884 3848 triti
900 3810 981 3864 supra
997 3814 1004 3849 :

212 3877 284 3943 iipus
298 3881 383 3946 ipsum
397 3883 475 3926 saone
487 3866 519 3920 ιι
532 3865 651 3937 pariles,
670 3862 798 3918 helemiis
815 3864 933 3920 dnlrihus
947 3869 1007 3937 surt-

211 3948 317 4000 elamitae
330 3944 416 4016 prima
431 3949 569 4010 ponuntur.
588 3935 656 4001 Quoia
682 3937 751 3990 enirn
769 3933 843 3989 aliud
862 3946 899 3990 est
921 3942 1004 4008 sanus,

211 4018 260 4070 trisi
275 4015 393 4085 quendum
413 4017 560 4064 castrorum
581 4006 699 4074 speeies?
719 4007 781 4074 Oete
803 4017 889 4060 eastra
906 4017 1006 4065 tanturn

210 4093 318 4158 possiunt
330 4083 422 4136 hahere
436 4078 500 4132 artis
515 4088 537 4129 er
556 4077 646 4147 qratia
668 4085 790 4144 quamam
815 4076 908 4131 hahent
923 4089 1007 4136 crater

212 4159 342 4226 serarum,
364 4154 392 4207 ire
411 4148 502 4222 quihus
515 4147 621 4199 nsinruee
634 4162 664 4199 oc
689 4145 808 4199 rotrreeriae
831 4145 932 4203 cellule
945 4168 1008 4205 roer-

211 4225 320 4281 nesiarre
333 4225 374 4278 sati
387 4222 492 4276 inuicem
508 4215 673 4289 {rimamini
689 4215 752 4280 Quis
770 4216 838 4269 enine
851 4222 1006 4276 auetritertns

210 4314 256 4351 ses
269 4294 357 4349 docuit
369 4288 514 4363 itesaqonia
528 4288 575 4341 illa
593 4289 717 4341 calluerunt
740 4286 877 4341 indiscreta
897 4290 1007 4345 laterum

210 4367 360 4437 aequalitate
378 4375 538 4434 componere,
555 4374 585 4411 ae
599 4367 686 4414 nunes
706 4358 772 4411 inter
785 4359 1007 4426 hemerammum

212 4436 457 4497 cerarsusreeerulere,
473 4433 569 4500 stipare
585 4427 672 4495 mala,
688 4439 711 4485 et
722 4430 820 4482 intexta
829 4430 937 4500 plurilus
947 4431 1007 4486 hor-

211 4526 257 4562 rea
271 4520 374 4562 nectare
387 4504 501 4576 quatiam
518 4500 686 4566 distendere?
700 4515 792 4553 cernas
807 4515 893 4555 earnes
908 4512 1007 4558 eerture

210 4580 243 4635 rte
259 4592 361 4633 reuertere
375 4593 383 4632 :
399 4575 466 4630 relias
479 4571 613 4642 inniqilare
622 4573 760 4637 quaternio
772 4571 849 4624 uicini
857 4587 865 4634 ;
878 4574 944 4628 elias
954 4579 1007 4629 sni·

1054 1958 1164 2027 florinus
1190 1954 1339 2022 corruperitis
1360 1965 1419 2021 apte
1441 1965 1518 2023 atque
1539 1956 1647 2009 utiliter.
1674 1956 1760 2028 tttqat
1785 1960 1857 2012 enites

1057 2031 1114 2100 ejas
1129 2028 1174 2093 qui
1190 2025 1245 2081 Rea
1259 2028 1285 2080 iet
1297 2041 1398 2097 quoque
1420 2026 1570 2098 appellatur
1584 2027 1711 2081 eaerettiete.
1735 2028 1781 2084 sie
1796 2029 1854 2084 itte.

1059 2101 1155 2152 terrem
1171 2098 1215 2150 alii
1239 2096 1265 2151 nt
1288 2113 1337 2163 pre
1361 2107 1437 2152 carto
1450 2104 1571 2153 serremut.
1588 2112 1652 2166 apes
1666 2098 1769 2167 susque
1781 2102 1856 2156 anila

1054 2181 1187 2238 perterrere
1195 2177 1223 2222 et
1231 2167 1365 2236 geremari,
1378 2168 1534 2236 atqnearien
1545 2167 1664 2237 uirgines
1676 2183 1855 2235 permanere;

1054 2242 1126 2309 ιμιιι
1140 2241 1185 2294 hie
1198 2237 1346 2293 (lassiarus
1361 2248 1388 2292 ut
1401 2246 1572 2307 entrepertum
1586 2250 1614 2293 et
1629 2241 1766 2310 euriqstnm
1780 2239 1856 2296 altir-

1057 2320 1121 2366 nrat.
1138 2311 1175 2365 lta
1192 2309 1317 2377 l'irgilins
1330 2309 1356 2364 in
1369 2323 1395 2363 tt
1409 2307 1510 2380 Genrp.
1525 2326 1532 2364 τ

1101 2442 1174 2493 lllnne
1186 2443 1248 2494 aueo
1261 2444 1379 2506 plausisse
1388 2445 1476 2508 aplleus
1484 2445 1611 2496 mirabere
1623 2460 1727 2504 morem,
1784 2447 1787 2451 “

1103 2505 1172 2564 Quod
1180 2519 1227 2555 nee
1238 2509 1368 2557 eorrenlritn
1381 2507 1520 2568 insultent,
1532 2520 1580 2559 nec
1592 2521 1694 2572 eorpnra
1706 2522 1799 2572 separes

1103 2565 1130 2616 in
1143 2579 1262 2616 tenerem
1270 2568 1376 2625 salutent.
1390 2576 1433 2619 aut
1441 2567 1508 2620 letus
1518 2571 1616 2619 nirilturs
1626 2570 1703 2619 etletnt
1714 2586 1720 2617 ε

1102 2627 1197 2678 ilerum
1208 2630 1267 2689 ipsae
1279 2613 1343 2679 loliis
1352 2640 1431 2692 natos,
1443 2639 1470 2681 et
1482 2631 1598 2681 suasione
1610 2632 1695 2680 herbis

1103 2689 1152 2739 Ore
1162 2689 1263 2751 leporem
1274 2692 1333 2751 ipse
1347 2692 1442 2754 nepem
1454 2705 1590 2756 parensque
1602 2694 1714 2749 Quirites

1044 2798 1045 2802 ,
1101 2752 1237 2812 Suthupnt,
1249 2752 1367 2817 aulasque
1376 2761 1485 2806 eteerea
1495 2767 1573 2816 regna
1585 2754 1702 2818 rumpam.

1054 2879 1087 2935 Et
1103 2877 1244 2948 Virgilium
1269 2879 1391 2934 ienitatus
1412 2878 1481 2934 leantl
1498 2878 1580 2936 ‹inieie
1605 2877 1637 2933 Ι).
1664 2877 1827 2936 henbrnsins
1848 2900 1855 2936 :

1055 2948 1217 3018 Contmrnris,
1233 2950 1319 3014 inqtrit
1334 2947 1511 3021 (estsuper),
1527 2948 1795 3019 amnihaspeneratin,
1814 2955 1858 3007 in·

1054 3021 1161 3092 teqritas
1176 3021 1293 3093 corporis
1307 3018 1443 3092 uirqinaiis
1457 3020 1576 3076 enuntias
1590 3022 1742 3084 aertemunt‘s,
1753 3032 1777 3078 et
1791 3040 1857 3093 par-

1054 3100 1095 3145 tus
1107 3108 1116 3157 ,·
1129 3093 1250 3164 quoniam
1265 3107 1345 3160 neque
1360 3090 1415 3146 alie
1440 3091 1576 3146 cnucnhitu
1591 3090 1745 3154 retinentur:
1761 3109 1808 3148 eret:
1820 3096 1856 3146 tr·-

1056 3162 1144 3217 hitiine
1154 3163 1331 3222 resoluuntur,
1346 3178 1393 3217 nec
1406 3172 1497 3232 partas
1507 3161 1814 3232 quatiemturelaiariitss,
1830 3175 1858 3218 et

1056 3232 1141 3287 sulita
1153 3233 1293 3288 maaimune
1307 3230 1422 3302 hilarum
1433 3248 1540 3288 eramen
1552 3233 1686 3298 emittant,
1701 3248 1715 3287 e
1733 3233 1805 3301 saliis
1831 3245 1857 3291 st

1057 3301 1142 3358 herleia
1156 3319 1200 3359 ore
1214 3320 1265 3368 sao
1285 3302 1383 3374 prolem
1402 3303 1523 3376 leqeates.
1541 3301 1654 3358 liuiiuus
1672 3304 1857 3373 Aquileiensis

1058 3372 1084 3426 ln
1098 3373 1281 3443 Expositione,
1292 3373 1409 3445 syneleoii
1429 3373 1583 3438 apostolici.
1596 3373 1730 3429 similibus
1748 3385 1858 3430 natureae

1057 3444 1194 3510 exemplis
1209 3452 1236 3499 et
1248 3445 1415 3510 argrrmentis
1430 3460 1490 3498 eum
1505 3443 1637 3500 Cassiano
1651 3455 1740 3508 utens,
1755 3447 1859 3512 penitet

1036 3535 1038 3538 ’
1058 3530 1111 3568 nnn
1122 3529 1184 3571 esse
1198 3513 1500 3583 inererlileilelirqinem
1517 3516 1675 3585 peperisse:
1689 3515 1758 3581 Quiri
1771 3518 1857 3583 enirn,

1057 3587 1105 3655 ait,
1122 3587 1214 3641 mirum
1230 3584 1341 3651 uidetur,
1352 3587 1375 3640 si
1392 3584 1475 3656 i'irqa
1494 3585 1648 3657 conceperit,
1667 3601 1725 3640 eune
1740 3583 1858 3642 Orientis

1056 3672 1138 3718 auem,
1151 3673 1228 3724 quant
1243 3657 1384 3730 phaenicem
1396 3667 1497 3721 uacant,
1515 3655 1542 3709 in
1556 3665 1658 3711 tantane
1676 3658 1732 3710 siae
1744 3660 1859 3730 eoujape

1057 3729 1130 3783 ιιιιιΙ
1138 3730 1177 3782 uel
1186 3728 1289 3782 rereasai
1297 3735 1405 3793 constet,
1415 3736 1443 3780 at
1451 3743 1550 3799 semper
1562 3738 1585 3779 et
1595 3743 1648 3781 area
1658 3728 1702 3795 sit,
1714 3736 1740 3782 et
1752 3743 1858 3796 senapm

1057 3798 1107 3852 sihi
1120 3798 1178 3864 ipsa
1186 3798 1313 3853 nascentia
1324 3796 1364 3852 eet
1378 3801 1536 3853 renascentia
1548 3798 1670 3852 suaserint
1682 3798 1694 3851 l
1706 3798 1774 3866 hpes
1786 3809 1857 3852 certe

1058 3869 1155 3924 nescire
1178 3869 1313 3941 eaniuqia,
1339 3885 1386 3923 nee
1410 3868 1476 3937 [etus
1502 3868 1607 3923 niaihus
1628 3868 1719 3935 eriere,
1735 3870 1858 3924 omnihus

1058 3940 1145 4008 palam
1159 3949 1208 3994 est.
1229 3939 1283 3995 Seri
1297 3949 1321 3994 ιι
1340 3939 1394 4011 qiia
1413 3938 1540 3994 nonnulla
1564 3939 1793 4011 deprehendantur
1818 3941 1858 3994 eui

1058 4009 1208 4076 herinantoeii
1220 4020 1288 4066 sorte
1308 4010 1441 4065 nascendi.
1466 4009 1524 4065 trac
1537 4026 1597 4080 erpa
1619 4009 1770 4064 inereriihiie
1783 4010 1857 4064 riula-

1058 4081 1125 4134 iiun
1137 4081 1225 4136 ‹iiuina
1245 4083 1339 4136 uirtute
1354 4080 1388 4134 nri
1400 4081 1478 4135 totitas
1491 4083 1583 4135 muntii
1608 4080 1858 4151 retiiutepratiaueses

1058 4153 1164 4223 paetum.
1184 4153 1260 4222 euim
1271 4151 1388 4224 exempla
1402 4152 1480 4206 etiarn
1500 4153 1528 4206 e'n
1552 4152 1706 4205 anireealietm
1720 4152 1859 4206 nativitate

1057 4224 1218 4277 cerneretur?
1230 4223 1276 4279 Sie
1286 4223 1332 4277 ille
1343 4222 1466 4292 apposite
1476 4222 1509 4277 ael
1523 4221 1593 4276 hreno
1606 4221 1706 4278 inerrat.
1720 4222 1750 4275 ll.
1763 4222 1858 4292 hugut-

1058 4294 1146 4348 srtnus
1156 4294 1204 4348 iile.
1219 4310 1253 4348 xe
1267 4293 1301 4348 rie
1313 4293 1506 4363 Civitateeap.
1518 4293 1608 4354 hide
1622 4291 1734 4348 ntinutis
1745 4294 1856 4346 areima-

1059 4363 1129 4418 irlrus
1143 4379 1240 4434 agens:
1255 4364 1430 4432 Aiia,inqnit,
1444 4373 1504 4419 sunt
1515 4380 1574 4436 quat
1584 4364 1616 4417 tie
1625 4363 1767 4434 quibusque
1778 4364 1857 4419 rrius

1058 4437 1113 4489 aiere
1128 4436 1264 4490 canerrhitu
1277 4436 1314 4489 ite
1323 4445 1476 4500 nasceretur,
1493 4446 1518 4488 nt
1532 4442 1621 4506 postea
1632 4435 1815 4497 cerreumlemet,
1831 4445 1858 4487 ιι

1057 4514 1187 4574 qenereat,
1208 4506 1274 4559 sieut
1301 4520 1416 4569 muscata,⁸
1440 4506 1494 4559 alia
1510 4522 1569 4559 uero
1587 4507 1614 4559 in
1632 4505 1724 4576 qraa'hus
1738 4505 1806 4559 nihii
1822 4504 1859 4558 sit

1059 4578 1149 4640 rrerrrr'r,
1161 4576 1202 4630 uri
1215 4576 1326 4644 irminae,
1338 4576 1402 4629 sirnt
1412 4593 1482 4646 apes.
1506 4576 1601 4631 Petrus
1618 4575 1749 4635 llamiaui,
1765 4577 1858 4629 earrtt·

210 4650 307 4704 licitum
321 4650 413 4703 rastris
431 4640 731 4704 adhihere'rustatlt'am:
757 4641 823 4695 uitas
846 4646 947 4712 inituros
961 4663 1006 4698 en·
1022 4648 1045 4707 l)
1060 4647 1128 4701 unlus
1140 4647 1282 4712 lissiensis,
1301 4648 1481 4716 Epistularum
1503 4647 1521 4701 l.
1538 4662 1557 4701 rt
1582 4647 1695 4716 epistota
1718 4645 1767 4702 tt:
1784 4646 1808 4699 ,t
1822 4662 1859 4700 es

212 4721 315 4788 plorare
327 4720 429 4773 imirrs.
446 4722 470 4769 ιι
482 4711 611 4782 speruinri
630 4728 722 4766 rursus
747 4711 870 4777 anethinum
883 4713 949 4768 eiius
974 4719 1006 4771 rie

212 4792 321 4862 plurilus
330 4805 403 4844 teras
413 4787 528 4860 perpetu
544 4785 609 4837 alias
622 4783 737 4852 insurrant
749 4784 854 4851 peritas
868 4800 951 4838 rorent
962 4805 1006 4840 ore

211 4859 335 4932 eoiiipere
350 4877 358 4916 .·
374 4859 475 4914 nuliam
489 4864 574 4908 tannen
592 4855 684 4909 alterna
704 4853 823 4907 errsrdears
838 4853 968 4913 iuiariienr
982 4871 1006 4913 er

212 4945 287 5000 rapto
300 4934 376 4987 uitam
385 4942 520 5001 paterere:
534 4934 610 4994 utque
623 4924 718 4979 utinam
741 4933 874 4995 ruptorum
895 4928 1006 4983 ierririias

212 5021 264 5059 reon
274 4999 407 5057 timerent!
421 4998 524 5056 linirent
534 5008 617 5048 interere
632 4996 732 5066 spicula
743 5011 800 5058 sna,
812 5007 836 5049 ιι
849 4999 915 5051 inter
929 5016 961 5051 nn
969 5002 1005 5054 liu

212 5076 466 5145 praetentetuenenmn,
475 5068 496 5121 si
507 5066 734 5138 [ueritatincessitre
752 5067 1005 5138 animasqnepeemnt

211 5151 237 5197 r'n
258 5145 371 5211 attinere,
401 5143 494 5195 aranee
515 5138 644 5192 rinhietrr.
675 5135 817 5205 llueusqno
844 5140 1002 5194 Arirhrmirra

213 5217 304 5269 multis
325 5213 467 5283 pterasileus
482 5224 515 5264 et
534 5209 642 5278 lieqitin
656 5206 793 5261 restituatis.
816 5207 920 5264 Cetera
941 5216 1002 5267 siste

212 5286 281 5352 apuu
299 5284 433 5340 erimusne.
453 5280 559 5336 Sirrrilia
575 5278 655 5330 lealset
671 5276 703 5331 [l.
725 5277 936 5349 Clrrysosranrm
952 5285 986 5335 em

213 5357 284 5409 rtrrtts
302 5356 374 5410 l5ln
390 5351 536 5423 Epistulam
561 5348 594 5402 ati
617 5347 749 5417 Ephesios
772 5363 833 5418 eap.
858 5364 894 5421 ru,
920 5366 1001 5422 quem

213 5435 285 5480 uentu
295 5424 457 5494 prestiterant
470 5430 612 5488 peraelenn.

168 5543 172 5550 .
247 5495 261 5535 l
276 5498 433 5550 Aristoteles
446 5493 493 5547 irie.
507 5508 536 5546 u.
547 5490 581 5546 tie
592 5487 761 5543 Animalilrns
771 5488 846 5562 (Cap.
863 5492 931 5563 ιιι),
947 5509 1001 5549 nrm

211 5573 335 5620 cerastem
347 5564 409 5619 elini
424 5563 560 5634 qneneoho
570 5573 635 5629 apes
646 5571 820 5628 generentur,
831 5563 892 5616 aliis
903 5580 1001 5633 uergan-

213 5635 380 5694 tilrnseeire,
394 5639 441 5688 sert
460 5633 568 5688 atlnnrie
591 5630 736 5697 aleerorture
758 5633 881 5686 laturam.
901 5634 1001 5690 Plinius

209 5708 273 5761 item
287 5704 438 5757 alethitanter
452 5702 557 5758 herde
578 5716 658 5771 apum
683 5700 806 5766 genitura
822 5704 915 5759 serihit
929 5705 997 5776 (Lite.

211 5792 236 5832 tt
251 5794 274 5831 c.
291 5776 321 5828 lli
332 5775 341 5840 )
352 5789 359 5826 2
370 5770 450 5826 Fetus
465 5787 576 5837 qrronnm
595 5771 672 5823 neoda
686 5782 893 5841 propereermeni,
909 5792 1001 5848 nunqua

209 5845 394 5906 interseruerat
406 5852 430 5900 ιι
442 5843 541 5897 suitiiis
553 5845 661 5912 quaestio
675 5842 733 5910 [niu
748 5843 832 5915 ripum
843 5847 909 5900 enine
920 5859 1001 5904 ruens

1059 4719 1124 4771 s'aut
1138 4727 1198 4772 suaet
1212 4718 1338 4772 immunes
1354 4734 1369 4769 a
1383 4719 1464 4783 onitu,
1479 4718 1514 4770 ita
1531 4720 1609 4773 etiam
1622 4716 1770 4771 eruliateatts
1792 4731 1858 4769 rer·

1059 4798 1215 4855 surrepuntur
1230 4788 1257 4843 in
1270 4800 1363 4856 partu,·
1377 4799 1400 4842 et
1415 4789 1480 4841 sieut
1495 4790 1521 4842 in
1545 4798 1670 4856 conceptu
1691 4803 1769 4843 staur
1781 4787 1859 4840 erarii

1060 4875 1110 4912 etan
1125 4860 1253 4928 nuscetur,
1268 4859 1305 4913 sie
1320 4859 1346 4913 in
1358 4859 1464 4913 erieretiir
1485 4860 1579 4926 [etihtts
1592 4873 1754 4929 eeequaquane
1775 4858 1860 4926 stirpe·-

1059 4931 1127 4983 rralis
1142 4931 1275 5001 intrqritas
1297 4928 1419 4984 uiolatae.
1440 4927 1503 4984 Nau
1516 4931 1585 4985 enim
1599 4929 1685 4990 uulua,
1701 4928 1756 4994 seri,
1773 4939 1801 4980 nt
1816 4931 1859 4982 isa

1058 5002 1159 5068 leaenae,
1170 5004 1247 5055 leuem
1260 5000 1374 5055 sahulem
1391 5010 1536 5068 procreent,
1553 5009 1575 5055 et
1589 5000 1697 5055 iiliieatat
1712 5013 1818 5066 prorsus
1832 5014 1861 5052 et

1058 5073 1067 5125 i
1072 5082 1166 5141 stepen
1180 5070 1212 5125 eh
1224 5074 1292 5124 oneni
1302 5072 1583 5142 aamerpteleecontuqia
1595 5078 1765 5142 perseuerans
1783 5067 1860 5122 ll'am

1058 5158 1102 5195 orn
1117 5143 1183 5207 lilius
1197 5158 1210 5195 e
1225 5141 1296 5213 [aliis
1315 5143 1413 5208 irpuut,
1436 5151 1460 5195 et
1477 5143 1515 5196 sie
1534 5142 1683 5199 successivae
1695 5139 1861 5210 posteritatis

1057 5229 1163 5267 exurerer
1179 5216 1306 5267 erniurmt.
1325 5213 1371 5268 Sic
1387 5212 1456 5281 ipse.
1474 5213 1562 5268 l‘oreo
1574 5227 1640 5281 apes
1651 5213 1733 5267 etiarn
1754 5225 1787 5265 es
1805 5211 1861 5264 leu-

1057 5282 1129 5338 lrnlis
1142 5285 1270 5338 carrrihus
1281 5292 1308 5338 et
1321 5284 1384 5339 hmo
1398 5284 1471 5339 nasci
1485 5283 1620 5353 irrigatum
1634 5292 1687 5339 est.
1702 5279 1781 5337 liade
1792 5277 1861 5336 ilr-

1056 5355 1136 5420 pilius
1150 5352 1201 5421 (lu
1214 5354 1267 5424 fiete
1281 5371 1306 5409 tv
1321 5350 1431 5425 Gearp.)
1444 5357 1587 5411 aristaeum
1601 5352 1745 5424 quemdam
1761 5362 1859 5416 pasto·

1057 5440 1112 5477 reru
1129 5425 1213 5489 hneit,
1226 5426 1270 5496 qni
1283 5425 1508 5493 primnsamissas
1519 5440 1594 5495 apes,
1607 5423 1735 5493 iugulatis
1749 5420 1860 5491 aliquot

1058 5496 1137 5548 Ιιιιιιι
1151 5495 1232 5565 jugis,
1249 5497 1389 5565 repararit.
1410 5496 1443 5551 Et
1456 5495 1580 5551 Plinius:
1598 5497 1679 5561 Saett,
1695 5493 1720 5549 in
1742 5493 1791 5558 nil,
1808 5495 1862 5563 qess'

1056 5575 1144 5630 pereat
1157 5567 1183 5618 in
1205 5575 1286 5619 toturn
1301 5566 1408 5619 amissas
1428 5568 1544 5639 reparari
1558 5565 1685 5621 uentribus
1699 5509 1802 5618 inaniis
1816 5580 1864 5618 re·

1055 5637 1169 5689 ceretium
1188 5652 1247 5690 eunt
1261 5637 1322 5704 liena
1337 5636 1451 5704 straete·
1470 5636 1500 5691 tr·
1515 5636 1592 5705 pilins
1603 5641 1775 5707 juvencorum
1793 5650 1864 5688 aar·

1055 5723 1118 5773 pure
1131 5708 1289 5761 eaoatrnma.
1307 5707 1385 5761 tuma
1404 5707 1439 5764 de
1450 5708 1546 5777 apilms
1557 5707 1619 5764 risle
1633 5706 1703 5779 apud
1720 5706 1862 5760 'turoniam

1055 5777 1276 5844 (irretetpratannm
1293 5777 1319 5831 in
1333 5793 1383 5831 sno
1399 5779 1522 5848 hpiario.

1093 5859 1103 5887 ι
1120 5848 1235 5905 Lnatrsta
1249 5849 1314 5906 satis
1330 5859 1424 5906 natum
1435 5848 1627 5908 arrimaleulum
1645 5849 1680 5906 tie
1697 5845 1865 5919 peteretn-
