4009 6184
147 435 216 493 ¹8ie
230 431 328 491 diiecto
341 443 441 503 parens
455 431 543 487 iaetus
557 439 583 487 et
594 430 689 501 gaudia
703 431 821 489 miscens

146 523 265 584 Finierat
276 522 365 579 claros
377 521 504 587 monitus,
520 537 580 576 enm
594 522 702 577 turninis
713 522 795 578 orbes

145 618 202 687 ipse
215 618 296 680 terat,
308 622 475 681 matremque
486 615 570 671 ocutis
585 618 598 653 1
613 615 752 670 intendere
764 613 857 684 erepit,

145 708 185 765 rin
197 709 252 778 jam
263 705 341 762 triste
352 720 460 776 gerens,
474 705 565 762 trabitu
578 705 707 775 vultuque
721 704 821 761 fatetur

135 800 180 854 ‘Se
193 795 316 853 timuisse
330 795 396 850 ninii
411 797 463 851 nisi
477 795 564 851 tristia
579 796 688 851 uulnera
704 797 799 852 matris

147 889 198 945 Per
210 896 303 962 partus
315 886 401 942 divisa
415 900 501 942 suos:
517 897 529 926 ⁶
545 887 585 941 sie
599 887 656 957 ipse
667 894 806 944 tenentum

145 980 259 1049 Eiapsus
274 977 409 1042 manibus,
425 990 505 1033 curso
515 977 656 1032 contendit
669 976 695 1031 in
709 978 793 1047 ignes.

145 1069 208 1124 tttra
223 1069 329 1139 icquar,
343 1064 357 1106 1
372 1067 478 1122 damma
492 1066 562 1122 itiius
575 1081 628 1122 noo
643 1066 755 1136 contigit
767 1081 826 1134 ora,

145 1171 157 1200 ⁸
171 1163 300 1217 Exanime
314 1168 344 1216 ut
356 1174 455 1230 corpus
465 1161 590 1214 iiamroan
604 1160 887 1229 supernatamus,

145 1251 197 1308 Ore
212 1259 330 1323 patente,
347 1262 435 1306 tamen
449 1250 541 1311 tacito.
557 1264 608 1320 qua
621 1249 733 1320 spiritus
751 1249 815 1316 iret,

145 1342 219 1400 iinde
230 1349 356 1410 acceptos
370 1349 438 1402 erat.
454 1339 556 1410 pariter
569 1353 631 1393 cunr
646 1340 779 1407 sanguine
792 1337 870 1409 [ugit.

145 1435 202 1491 Hoc
217 1435 276 1504 ipso
290 1432 505 1503 potissmium,
521 1430 592 1501 quod
603 1431 648 1500 qui
664 1430 745 1485 modo
756 1429 826 1486 tristi

142 1526 308 1583 Constiterat
320 1526 407 1589 rutro,
426 1522 437 1562 ¹
457 1522 541 1578 iretus
553 1537 616 1578 mox
631 1532 740 1589 pectore
755 1530 813 1579 toto

143 1619 269 1675 Paruerit
282 1615 401 1682 monitis,
416 1623 443 1671 et
456 1614 526 1685 regis
542 1612 681 1683 tempserit
695 1613 768 1668 iras:

142 1710 186 1767 Sic
201 1720 243 1767 est
258 1724 320 1765 orsa
332 1718 433 1773 tamen,
450 1721 512 1762 oum
527 1721 574 1762 rea
587 1706 723 1762 dubitaret
737 1705 764 1761 in
777 1704 839 1761 iilos

642 312 775 373 VERSUS
793 312 826 370 tu
846 310 974 370 unisti
992 308 1279 383 utentumpnutt.

949 431 974 492 Α
990 426 1023 483 111
1036 435 1189 496 contempta
1201 427 1281 483 etiam
1293 423 1400 482 vincern
1415 433 1460 482 tua
1475 441 1568 499 regna,
1580 425 1708 497 superte

1710 309 1782 368 {282

987 516 1112 587 Concipit
1131 518 1283 576 Antiochus
1298 519 1391 585 turias,
1405 535 1547 591 srerusque
1561 528 1692 591 tyrannus

987 606 1108 674 AEstuat,
1119 619 1145 664 et
1157 610 1271 680 gemitus
1287 609 1357 665 inter
1371 624 1419 664 sua
1433 619 1542 680 pectora
1555 610 1651 665 roirit.

987 697 1128 754 Consentis
1140 714 1201 754 cunr
1214 706 1303 755 ruente
1316 703 1324 752 t
1343 699 1429 765 color,
1441 699 1581 771 tristisque
1590 708 1715 770 maratus

988 790 1094 846 artotttt
1107 791 1206 857 nultus,
1220 797 1247 846 et
1263 789 1326 845 taiia
1345 793 1426 847 rerba
1440 791 1583 862 protatur:

988 879 1051 936 Haec
1068 889 1112 935 tua
1125 880 1236 938 libertas
1248 891 1277 935 et
1293 878 1307 919 ¹¹
1322 880 1388 936 dura
1403 882 1521 952 potentia
1532 882 1642 954 tingue,

987 974 1075 1041 Atque
1091 970 1146 1037 iric,
1159 987 1240 1041 quem
1254 972 1357 1027 tumida
1366 984 1457 1043 portas
1469 973 1577 1029 carries
1589 974 1718 1044 rigorem.

987 1060 1093 1117 Sentiet
1104 1061 1164 1116 irati
1176 1062 1247 1133 regis
1257 1061 1321 1133 quid
1337 1060 1347 1101 ¹
1363 1063 1475 1138 verbera
1488 1064 1602 1133 possint,

987 1153 1017 1209 Si
1031 1154 1149 1208 nondum
1165 1168 1195 1208 es
1207 1154 1303 1209 satiata
1316 1155 1405 1222 malis,
1420 1164 1449 1211 et
1459 1157 1560 1226 iinpere
1570 1165 1658 1214 tentat

987 1243 1133 1310 Laetitiam,
1149 1243 1292 1315 luctusque
1306 1253 1368 1301 tuos
1382 1247 1409 1300 in
1424 1248 1520 1316 gaudia
1534 1253 1627 1304 vertis.

988 1345 1010 1373 ¹¹²
1023 1335 1082 1391 Non
1096 1336 1207 1392 mutabo
1221 1352 1315 1393 necem
1329 1337 1442 1408 :gaude
1458 1339 1558 1400 tutare.
1576 1339 1728 1410 triumphu

988 1425 1141 1482 Drimmodo
1152 1427 1193 1483 sic
1205 1427 1306 1494 vincas,
1318 1439 1346 1481 ut
1359 1428 1396 1482 sis
1412 1443 1537 1496 suprema
1552 1438 1670 1485 tuorum.

987 1526 1001 1556 ¹¹
1015 1518 1062 1575 Sic
1074 1519 1173 1574 tortosa
1186 1520 1283 1575 animis
1297 1530 1421 1575 natorum
1435 1522 1527 1575 iunerc
1541 1523 1649 1591 garrdet.

987 1612 1160 1684 flosquoque
1173 1613 1209 1669 do
1223 1597 1348 1678 flaminis,
1365 1612 1416 1667 hoc
1433 1628 1482 1669 nec
1497 1624 1601 1670 mutare
1611 1624 1728 1685 potestas

987 1703 1047 1761 tttu
1061 1714 1149 1773 potest
1161 1714 1194 1770 ς·
1208 1705 1316 1761 decreta
1331 1714 1450 1775 maerent,
1466 1705 1557 1762 iactare
1571 1716 1710 1777 superstes

142 1800 191 1869 Qui
203 1808 340 1871 superam.
350 1800 520 1871 gemitusque
531 1797 609 1853 daret
623 1796 666 1868 pta
680 1796 770 1864 turba,
782 1795 898 1851 ministri
950 1799 972 1858 11
987 1795 1063 1853 Natis
1073 1797 1140 1852 orire
1157 1797 1221 1862 tuis,
1237 1806 1264 1852 et
1279 1813 1313 1851 ne
1327 1812 1385 1853 mea
1398 1798 1409 1867 j
1422 1813 1473 1853 issa
1489 1808 1638 1861 morentur.

143 1894 244 1964 Regem
256 1899 440 1956 exsecrantes,
456 1888 538 1946 tacito
555 1904 681 1946 sermone
695 1890 845 1959 requirunt.

64 1985 69 1996 '
141 1985 284 2048 Protrairo,
299 1982 362 2054 quid
382 1982 489 2037 dubitas
502 1981 514 2036 1
529 1980 596 2036 notit
607 1980 663 2051 jam
677 1994 789 2049 parcere
801 1977 897 2046 debes,

141 2071 197 2131 Nee
210 2084 297 2144 potes,
312 2083 340 2130 ut
353 2073 457 2143 cupias,
473 2072 611 2128 decretum
622 2085 749 2141 rumpere
760 2070 826 2138 troii,

148 2167 257 2237 rppeiio
275 2166 388 2237 Regem,
404 2174 489 2221 totum
500 2163 545 2233 qui
560 2170 693 2233 temperat
705 2161 810 2229 orbern,

140 2259 190 2315 tui
210 2273 296 2325 marr,
312 2259 354 2314 coi
367 2258 476 2325 eratum,
492 2256 554 2313 creti
569 2256 612 2312 coi
625 2254 715 2311 sidera
728 2262 842 2325 parent:

139 2350 219 2420 Quod
236 2350 288 2406 nisi
303 2349 438 2421 producis,
451 2352 532 2405 tinror
542 2358 604 2404 est:
619 2356 633 2395 ⁸
642 2347 698 2418 iam
713 2345 822 2418 segnius
836 2347 932 2414 instas,

139 2442 202 2500 iarn
215 2440 300 2498 sentis
316 2455 474 2512 quaeroque
487 2448 591 2511 petant,
605 2453 666 2510 que
678 2436 763 2510 gioria
774 2436 852 2494 nobis

139 2534 201 2591 lant
216 2541 292 2601 parte
306 2547 340 2588 ex
354 2538 469 2602 utraque
483 2540 584 2598 marcet,
598 2530 621 2585 si
636 2542 749 2600 parcere
764 2527 844 2584 notis.

140 2621 210 2680 Nam
223 2634 407 2693 quoscumque
423 2629 470 2675 tuo
481 2618 586 2690 jussisti
600 2618 736 2674 excedere
746 2631 830 2689 regno

143 2708 158 2753 ¹¹
174 2715 231 2770 Seu
244 2712 310 2767 nitio
324 2711 471 2768 comitante
486 2720 559 2766 tuum
569 2710 659 2767 uicere
670 2709 801 2776 furorem,

139 2804 243 2874 Nempe
253 2814 338 2872 tuum,
351 2804 459 2874 tutique
469 2811 579 2860 manent
590 2801 617 2857 in
631 2802 697 2859 sede
711 2801 828 2874 piorum.

141 2894 269 2951 Forsitan
284 2894 336 2951 boc
349 2903 463 2950 mortem
478 2893 585 2963 medas,
602 2892 703 2950 duriose
714 2892 850 2967 tyranne?

142 2986 205 3043 Vita
220 2996 262 3042 est
275 2987 354 3059 ionga
367 2988 462 3059 magia,
481 3001 619 3059 regnoque
629 2987 766 3059 potentior
779 2988 833 3044 isto

141 3075 221 3145 Quod
235 3079 318 3149 repis,
336 3076 346 3117 ¹
363 3086 483 3135 extrema
495 3079 571 3149 cujus
581 3078 638 3149 jam
652 3087 727 3150 parte
740 3079 865 3136 moraris.

985 1888 1059 1944 Ordo
1071 1901 1136 1944 suos
1149 1896 1259 1959 peragat
1273 1903 1391 1944 cursus:
1408 1898 1421 1938 r
1435 1888 1574 1957 producite
1589 1900 1678 1954 natos,

985 1978 1025 2036 Ne
1037 1982 1100 2035 rani
1117 1991 1228 2050 pereant
1241 1981 1327 2051 ignea.
1342 1979 1446 2036 Dubius
1462 1996 1495 2037 ne
1508 1980 1593 2037 rideri

985 2070 1044 2127 Ber
1058 2072 1152 2143 possit,
1164 2080 1239 2128 certe
1252 2073 1334 2127 timor
1346 2081 1388 2127 est
1403 2070 1480 2140 inihi,
1497 2070 1608 2138 femina,
1625 2074 1725 2130 nutius.

985 2159 1143 2235 Praecipuus
1155 2161 1191 2218 de
1204 2172 1285 2236 pente
1299 2171 1344 2218 toa
1356 2164 1525 2234 produceris,
1541 2173 1556 2216 t
1570 2180 1619 2221 ore

986 2255 1023 2312 Et
1034 2254 1136 2327 specie,
1152 2255 1274 2311 mirande
1293 2271 1372 2327 puer,
1382 2256 1424 2310 cui
1437 2265 1547 2326 pectore
1561 2256 1647 2313 uirtus

985 2347 1077 2407 Firma
1101 2361 1208 2406 manet:
1224 2359 1237 2389 ¹
1252 2356 1362 2421 tamque
1383 2348 1447 2406 hinc
1473 2357 1582 2421 poteras
1601 2349 1644 2406 rei
1668 2346 1779 2406 vincere

1023 2454 1126 2512 nepem.

987 2529 1028 2586 tu
1043 2546 1123 2602 quero
1137 2532 1176 2586 sic
1188 2530 1293 2601 placido
1304 2541 1392 2587 mater
1404 2545 1531 2588 sermone
1544 2531 1634 2589 locuta
1648 2540 1709 2589 est:

987 2622 1016 2679 Si
1029 2622 1095 2678 dare
1107 2622 1263 2691 complexus
1276 2622 1357 2678 matri
1371 2622 1431 2689 tibi,
1443 2632 1516 2691 nate,
1531 2623 1636 2692 iiceret,

987 2714 1126 2771 corrdteor
1138 2714 1201 2782 soii,
1217 2723 1278 2785 post
1292 2715 1418 2782 rotinere,
1432 2727 1505 2782 nate,
1518 2715 1667 2782 dedissem.

988 2803 1043 2861 Sed
1057 2818 1101 2861 nte
1113 2804 1275 2873 duraverat,
1291 2805 1563 2877 tristisquepotentia
1575 2808 1658 2878 regis.

989 2902 1001 2931 ⁸
1013 2894 1134 2966 Deneget
1147 2894 1299 2966 ampiexus,
1311 2896 1373 2951 duur
1386 2896 1422 2952 sit
1434 2912 1486 2953 ron
1503 2897 1591 2954 libera
1605 2897 1694 2964 uobis,

988 2984 1023 3041 Et
1038 2985 1117 3041 liceat
1129 2986 1284 3042 meminisse
1298 2986 1357 3053 Dei,
1373 2986 1513 3058 legemque
1528 2997 1622 3047 tenere

988 3074 1076 3132 Nona
1092 3093 1156 3148 repe
1169 3076 1270 3145 datam,
1286 3078 1334 3134 sed
1350 3093 1428 3149 quarn
1443 3078 1516 3136 Deus
1529 3083 1632 3138 arbiter
1644 3083 1719 3141 orbis

142 3167 266 3224 Herulis
280 3177 370 3223 tamen
381 3184 421 3237 es,
437 3183 489 3226 nec
502 3171 529 3225 io
542 3184 629 3224 avum
646 3185 728 3240 regna
743 3170 858 3226 tenaliis.
950 3160 974 3223 C
990 3165 1124 3235 Tradidit,
1136 3176 1164 3222 et
1176 3167 1269 3223 mundi
1285 3179 1384 3237 rector,
1399 3169 1560 3241 iioysesque
1572 3172 1683 3243 petitam

143 3259 199 3318 Sed
214 3274 312 3331 peraqs
325 3259 478 3329 imperium,
492 3275 543 3317 nec
557 3269 650 3332 partus
669 3259 758 3316 diride
772 3270 898 3317 nostros:

143 3349 201 3405 tros
211 3364 318 3422 quoque
333 3349 465 3420 ionmtus,
480 3359 609 3423 superant
621 3351 667 3423 qui
677 3361 758 3408 astate
770 3352 900 3421 minores,

143 3438 200 3498 flos
215 3455 320 3516 quaeque
330 3439 364 3496 da
379 3441 507 3510 dammis,
518 3451 546 3500 et
556 3441 661 3514 juribus
673 3452 748 3500 utere
762 3442 850 3514 regni.

182 3605 196 3635 ⁸
212 3594 239 3651 itt
255 3593 350 3651 iisdem
364 3595 444 3663 edit,

221 3685 275 3737 iiec
281 3686 383 3737 decreta
394 3697 483 3749 parem
493 3684 574 3737 tumus
584 3694 611 3737 et
621 3686 710 3750 gandia
720 3688 806 3738 mixta.

147 3862 162 3932 f
177 3786 196 3913 ’1
209 3787 321 3914 'ibidem’
331 3789 460 3845 attendere
464 3806 475 3858 ,·
486 3798 514 3846 et
524 3801 584 3861 post
592 3805 686 3862 pauca,
694 3790 797 3846 iaiitrra
807 3791 939 3864 mirorque

160 3877 176 3912 11
187 3877 217 3914 eii
229 3877 270 3915 iii'.

185 3939 197 3969 e
213 3930 265 3996 qq„

548 4020 599 4072 sed
612 4021 654 4073 eti
685 4023 796 4085 scitato,

210 4079 441 4144 Eirpsusmaotbus,
454 4094 627 4133 corenam
661 4085 805 4147 ttintgnes.

182 4179 196 4221 ὅ
211 4182 263 4250 11).,
278 4199 329 4237 non
342 4185 448 4256 tiammo
461 4191 558 4250 comat,
572 4201 624 4239 non
637 4186 743 4258 contipit
756 4203 811 4242 oro.

184 4251 278 4308 scot.
293 4253 379 4322 Flor„
394 4253 531 4326 Conponat
541 4256 669 4312 examore.
685 4256 894 4313 Eruendarirnus
904 4273 937 4312 es

148 4321 237 4390 editis,
262 4324 407 4393 inquibus
428 4335 517 4380 tamen
541 4333 596 4381 tres
619 4335 763 4398 sequentes
784 4342 878 4385 reram
899 4328 939 4384 sic

148 4395 337 4466 proteruntur:
746 4432 749 4439 -

210 4504 366 4557 Exanimem
377 4520 467 4570 eorpus
478 4508 581 4559 dammas
592 4517 750 4574 superauerat
759 4513 840 4577 tenta:

210 4566 262 4617 Ore
271 4573 374 4631 patente
384 4575 467 4619 umen
477 4570 551 4620 tacite
561 4583 610 4632 qua
620 4572 721 4634 spiritus
731 4576 781 4624 iret

211 4626 282 4678 Unde
292 4638 409 4692 aceeptus
420 4637 483 4694 erat,
495 4632 587 4694 pariter
598 4645 654 4683 enm
664 4637 785 4698 ungulos
794 4634 865 4688 tradit.

189 4729 262 4786 ‘tut
284 4772 306 4794 .,

241 4748 335 4876 Frgetna
345 4825 410 4888 qnod
423 4832 527 4889 pectore
537 4831 598 4879 toto.

243 4906 357 4958 Paruerit
364 4909 463 4959 monitis
475 4910 543 4972 repis
549 4914 703 4973 eursupter
714 4914 741 4962 et
751 4912 794 4961 irae

241 4968 283 5018 Ste
291 4981 380 5019 exorsa
390 4983 490 5032 parens,
501 4982 624 5021 cumaea.

150 5048 184 5105 Et
198 5062 353 5121 postpauca
370 5072 377 5106 :

194 5139 292 5206 Regem
303 5149 475 5206 exsecrantur,
488 5148 555 5196 tanto
565 5156 681 5195 sermono
692 5149 839 5207 querentes.

186 5252 199 5290 s
213 5243 270 5299 Cod
284 5243 366 5312 rtur„
375 5246 553 5316 jomreqsitaa
562 5246 655 5301 ioercr.
667 5244 938 5317 iietiusirrrulgatis,

150 5312 176 5368 in
187 5314 285 5384 quibus
293 5325 385 5385 postea
399 5334 407 5369 ε

196 5403 252 5455 Jem
261 5409 339 5456 sentis
349 5420 423 5470 quem
434 5421 505 5469 prena
517 5416 595 5471 petat,
602 5411 651 5471 jam
661 5410 739 5472 gioria
752 5410 822 5459 nobis

195 5465 271 5518 Parte
283 5473 308 5518 r'n
319 5477 423 5531 utraque
433 5477 525 5530 manet,
539 5472 611 5521 ttaeat
623 5472 759 5534 producere
771 5471 858 5533 nutils;

151 5548 186 5606 Et
199 5550 274 5617 dein,

244 5643 425 5708 transuerso
438 5646 563 5696 excedere
579 5657 694 5707 regnum.

991 3257 1114 3329 Accepit,
1128 3258 1281 3330 populoque
1295 3259 1382 3326 dedit,
1396 3261 1407 3299 1
1421 3260 1465 3317 cui
1480 3262 1597 3317 murima
1610 3262 1669 3319 iaus
1681 3271 1725 3320 est

990 3349 1184 3417 diomedeam,
1199 3352 1324 3408 meritum
1336 3353 1379 3408 cui
1393 3367 1443 3408 nos
1456 3352 1586 3409 debemus
1601 3353 1744 3410 honorem.

991 3444 1032 3501 Tu
1047 3442 1128 3500 modo
1140 3456 1175 3499 ne
1189 3442 1295 3499 dubites
1306 3443 1417 3499 monitis
1427 3458 1521 3514 parere
1536 3447 1674 3517 parentia:

989 3613 1050 3670 pru,
1065 3599 1341 3662 annunciationis,
1356 3598 1501 3669 inpendunt
1514 3601 1561 3670 sit,
1575 3604 1676 3660 atentia
1697 3607 1781 3661 eomi-

991 3677 1079 3737 tante,
1093 3668 1138 3724 atti
1156 3670 1287 3735 judicant.

1031 3735 1040 3776 ¹
1053 3738 1121 3793 Cod.
1137 3737 1157 3792 F
1159 3740 1222 3804 ion,
1238 3748 1262 3793 et
1275 3743 1351 3811 eujus
1365 3746 1479 3797 anemo
1491 3741 1519 3795 in
1535 3751 1618 3813 porte.
1634 3744 1725 3815 Vulq„
1737 3760 1784 3801 en·

991 3816 1074 3864 tremo
1086 3807 1164 3882 injur
1174 3811 1232 3881 jour
1251 3821 1334 3880 ports.
1357 3812 1397 3868 Ex
1418 3817 1533 3882 utraque
1556 3814 1651 3870 vitiosa
1665 3815 1784 3873 lectione

992 3879 1125 3935 veriorem
1149 3880 1343 3948 expressimus.
1360 3883 1382 3938 T
1384 3895 1428 3937 um
1449 3881 1479 3939 itt
1501 3881 1615 3955 ruiqatis
1639 3891 1784 3960 sequentes

991 3964 1088 4005 versus
1101 3949 1142 4005 sic
1155 3949 1317 4007 exhibentur
1331 3970 1337 4006 :

1037 4079 1089 4132 llos
1099 4093 1199 4144 quoqne
1209 4082 1231 4131 st
1241 4081 1339 4143 meinis,
1351 4088 1470 4145 superant
1480 4088 1554 4136 aetate
1563 4085 1682 4146 uicorsa,

1038 4142 1235 4205 Contemptnque
1246 4142 1320 4193 simoi
1332 4144 1432 4194 vincunt
1440 4149 1481 4194 tua
1493 4157 1580 4218 regna,
1587 4146 1706 4211 superisa.

1037 4202 1088 4253 Sed
1101 4215 1195 4265 perage
1207 4205 1345 4264 trnperturn,
1357 4217 1404 4256 nec
1415 4211 1501 4267 partus
1511 4206 1592 4257 duride
1606 4217 1722 4261 nostros:

1038 4263 1090 4314 iios
1101 4277 1200 4325 qnoque
1213 4264 1244 4314 da
1253 4265 1364 4324 flammis,
1374 4276 1400 4317 et
1410 4268 1503 4318 viribus
1513 4274 1586 4320 utere
1597 4282 1626 4320 re
1663 4271 1681 4320 1.

1039 4323 1149 4376 iiortdis
1159 4331 1243 4376 tamen
1255 4339 1292 4387 es,
1301 4339 1349 4377 nec
1360 4327 1385 4376 tn
1394 4340 1474 4379 erum
1484 4341 1563 4393 repet
1573 4336 1634 4382 tene
1653 4331 1683 4383 is.

1030 4449 1039 4502 1
1057 4449 1103 4509 ste
1116 4466 1149 4507 er
1163 4452 1235 4522 utriq.
1249 4448 1317 4506 Cod.
1334 4449 1422 4520 stae,
1439 4451 1524 4509 detor.

1030 4519 1137 4588 ι1111111,
1150 4521 1220 4576 dire
1594 4528 1601 4554 ¹

1032 4589 1043 4629 ¹
1055 4591 1137 4648 iidem
1153 4592 1209 4658 ed,
1221 4590 1337 4647 ninere.

1031 4670 1052 4700 ¹¹
1065 4662 1131 4733 (iod.
1146 4661 1220 4719 Flor.
1235 4675 1329 4718 errore
1349 4661 1471 4719 librarii:
1489 4663 1550 4719 Non
1564 4673 1636 4720 marta
1650 4666 1711 4722 dene
1721 4681 1783 4735 este,

1071 4893 1112 4945 Sic
1123 4892 1214 4945 rudore
1223 4906 1295 4945 numu
1306 4904 1417 4946 natorum
1428 4894 1517 4947 iuners
1528 4897 1631 4983 prodes

1029 5001 1267 5135 :lssbdsstr'fmm'
1283 5003 1360 5057 modo
1373 5014 1400 5057 to
1411 5004 1466 5059 uiue
1486 5013 1627 5074 superstes.

1130 5161 1263 5213 Produc-ite
1274 5168 1367 5225 natum,

1086 5222 1134 5273 11111
1143 5236 1190 5273 nec
1201 5236 1300 5285 parcant
1311 5228 1391 5286 tenes,
1402 5224 1535 5275 dubiumne
1547 5225 1633 5275 ridere

1085 5282 1140 5335 Rex
1151 5290 1207 5348 post
1215 5288 1261 5335 ista
1270 5299 1338 5350 reor,
1350 5289 1423 5337 timor
1433 5293 1480 5338 est.

1032 5387 1248 5456 surripuerunt,
1265 5387 1349 5453 Quom
1363 5391 1455 5461 specis.

1034 5456 1139 5524 ethic,
1152 5456 1214 5511 Jont
1230 5474 1287 5529 qttoe
1299 5469 1407 5526 puteant.
1755 5509 1762 5524 ,

1034 5527 1127 5582 wod.
1149 5526 1227 5595 Hom,
1249 5530 1367 5598 denepot.
1386 5529 1475 5598 iniq„
1498 5528 1644 5599 Sedneqst.
1656 5526 1697 5583 Es
1709 5536 1787 5587 trita·

997 5610 1051 5668 qoe
1065 5598 1182 5654 tectione
1194 5601 1324 5653 veriorem
1337 5597 1519 5654 extritruimus.

1035 5667 1045 5704 ⁸
1066 5666 1154 5737 iniq..
1171 5683 1267 5734 quom
1278 5681 1305 5724 et
1320 5678 1477 5741 postpauca
1493 5685 1500 5723 a
1514 5666 1607 5725 Merito
1623 5670 1720 5727 coines
1736 5669 1786 5724 tri·

188 5733 315 5794 *Iterum
328 5738 356 5794 in
369 5738 484 5807 vulgatis
504 5738 559 5793 duo
580 5747 723 5807 sequentes
742 5751 847 5795 tersus.
872 5736 944 5793 Num
996 5736 1254 5793 immundanum.
