4009 6184
194 279 248 345 no
630 268 638 284 ‘
692 283 722 342 s.
742 277 1167 360 mimantrnuunuunnsts
1186 281 1341 342 narsetum
1487 335 1489 338 ,
1780 282 1830 343 rso

179 399 322 464 'omnibus
343 397 595 468 itemieguminnttn
613 410 666 453 nou
683 409 765 469 posse
782 397 911 454 omnibns
924 395 990 454 sicel
1003 399 1028 460 Α
1043 398 1296 471 primerepossuut,
1318 408 1399 470 atque
1412 398 1486 455 illam
1507 414 1541 456 ea
1555 399 1682 457 obscenis
1693 400 1834 472 cogitam-

196 493 275 565 pauia
288 492 446 548 alimentum
460 489 604 547 suldeerc:
624 490 689 545 itero
708 503 770 546 esse
786 488 992 561 qui-manduca·
1042 494 1122 550 nibus
1149 509 1290 550 revocare.
1319 495 1360 550 nd
1382 494 1408 550 id
1430 497 1581 566 prascuim
1603 493 1713 551 couisrt
1738 496 1835 552 arnimar

198 586 232 640 tis
254 583 330 651 panis
353 580 456 637 duabus
479 578 556 636 libris
581 579 671 636 adbuc
694 580 830 649 esuriant,
851 578 921 634 allos
944 576 991 648 qui
1043 584 1191 648 humilitas,
1206 584 1276 641 citra
1290 599 1370 654 qoam
1389 600 1440 641 poc
1454 584 1671 651 implectionem,
1687 600 1740 644 pcc
1751 594 1834 642 oete-

187 687 249 730 -trua
264 673 342 742 libra,
359 671 442 728 immo
460 686 509 729 ser
523 672 610 729 unciis
625 675 768 729 satientur.
784 670 920 728 Omnibus
938 669 989 726 ita·
1042 689 1087 731 ras
1111 676 1253 746 passiones
1276 675 1379 731 valebit
1392 675 1524 746 quispiam
1540 689 1681 747 superare.
1695 675 1764 732 cnm
1782 677 1836 747 pri·

196 779 259 836 que.
274 774 304 818 ct
319 761 485 833 dictumest,
499 764 766 821 unumabstlneutia
780 778 893 834 scopum
909 761 992 817 tradi·
1043 769 1095 825 mis
1123 769 1214 840 itaquo
1236 778 1348 839 oportet
1371 769 1444 825 omiti
1468 769 1592 825 custodia
1615 783 1664 825 cor
1687 782 1799 826 semare
1821 785 1836 825 a

196 856 303 919 derunt.
320 865 416 911 utnon
426 855 599 926 decipiantur
612 856 756 912 saturitate
772 855 889 921 uentris,
905 866 992 924 neque
1043 860 1161 916 sordidis
1180 862 1388 932 cogitationibus
1402 859 1501 933 (Pron.
1517 877 1554 927 rr,
1570 861 1637 934 23).
1658 862 1698 917 Er
1710 876 1745 918 ω
1758 877 1835 917 mm.

195 949 338 1003 traltantur
348 948 419 1019 puta
429 948 579 1017 voluptate.
593 947 652 1004 tion
666 947 754 1003 sulum
770 948 842 1002 enim
853 943 993 1018 qualitatis
1044 967 1098 1024 qno
1121 953 1273 1024 prodeunt,
1295 954 1370 1025 juxta
1397 955 1501 1011 bomini
1523 969 1637 1023 rocem,
1658 956 1837 1027 cogitationes

196 1040 365 1107 differentia,
391 1041 439 1097 scd
463 1042 544 1097 ctiam
569 1056 666 1113 magua
689 1042 814 1098 ciborum
838 1037 991 1109 quantitas,
1044 1044 1142 1110 malas,
1166 1044 1275 1115 onnes,
1300 1046 1454 1115 adulteria,
1478 1048 1661 1103 “ortationes
1684 1057 1712 1103 ct
1737 1056 1837 1102 caten

197 1134 278 1204 tpitta
308 1132 411 1204 peceati
443 1134 497 1188 tela
528 1133 600 1189 solet
625 1133 787 1190 accendere.
818 1133 994 1201 Quocumque
1045 1136 1161 1206 [lintri.
1175 1153 1220 1206 ru,
1242 1139 1277 1195 rt
1289 1138 1309 1210 l.
1332 1139 1467 1209 ieiunium
1495 1141 1596 1210 quippe
1622 1155 1677 1196 ooo
1701 1140 1838 1196 modoad

197 1225 269 1279 enim
284 1222 346 1279 cibo
360 1235 454 1280 renter
469 1224 624 1295 impleatur,
641 1224 762 1282 libidinis
779 1226 882 1280 semina
897 1224 992 1296 gignit.
1044 1230 1220 1286 afflictionem
1248 1232 1372 1299 corporis
1401 1230 1550 1302 injunctum
1585 1231 1664 1288 nobit
1695 1240 1759 1296 est;
1788 1231 1838 1287 sed

198 1320 237 1373 dc
252 1329 359 1374 norsum
374 1333 427 1373 uon
442 1318 497 1374 viiii
512 1318 599 1373 sulum
614 1318 737 1390 crapula,
756 1318 804 1375 red
819 1319 901 1374 etlam
916 1331 993 1388 aquae
1044 1320 1126 1378 etiam
1141 1322 1175 1376 ad
1191 1322 1396 1393 temperantiam
1407 1325 1517 1389 mentis,
1528 1338 1567 1378 ae
1580 1322 1701 1379 ciborum
1716 1321 1839 1378 multita-

198 1410 347 1482 plenitudo,
364 1426 396 1466 nc
409 1412 591 1483 quorumlibet
603 1412 725 1468 ciborum
738 1412 928 1480 redundantia,
944 1413 995 1466 bo·
1044 1413 1108 1470 diue
1122 1413 1309 1481 obtenebrata,
1321 1428 1375 1469 non
1387 1415 1474 1482 possit
1483 1428 1581 1470 cauere
1593 1429 1608 1468 a
1619 1414 1838 1485 cogitationibus.

199 1502 299 1559 urinem
324 1511 490 1573 aggravant,
517 1517 549 1559 ac
572 1511 724 1573 torpentem
749 1503 994 1572 dormitantemque
1044 1506 1159 1576 Oportet
1181 1505 1262 1576 igitur
1285 1521 1339 1563 nou
1358 1506 1445 1563 solum
1462 1507 1568 1578 jejunio
1582 1507 1715 1577 corporali
1730 1523 1838 1563 omnem

198 1594 324 1649 reddunt.
340 1593 490 1650 Sodomitis
502 1609 554 1649 uon
568 1594 634 1664 riui,
645 1611 697 1648 nou
711 1596 847 1651 rariorum
859 1594 992 1660 elborum.
1046 1613 1139 1653 curam
1164 1598 1338 1669 impendere,
1354 1598 1402 1654 sed
1425 1600 1507 1654 etiam
1529 1598 1673 1655 attentioni
1687 1600 1720 1654 ad
1736 1600 1825 1670 cogita

197 1685 305 1756 crapula
322 1685 506 1741 subversionis
519 1701 600 1740 causa
616 1685 677 1755 luit,
692 1687 738 1743 sed
760 1687 838 1758 panis
855 1685 991 1748 saturitas.
1046 1692 1144 1757 tiones,
1158 1700 1186 1746 st
1202 1689 1338 1760 spirituaii
1354 1689 1534 1756 meditationi,
1549 1690 1617 1746 citra
1630 1705 1699 1761 quas
1711 1691 1839 1760 impossi-

197 1778 272 1849 juata
294 1778 453 1849 proplietam
470 1777 576 1851 (duci.
593 1795 647 1848 rvr,
661 1778 720 1853 te).
737 1781 884 1837 infirmitas
898 1796 991 1852 corpo·
1011 1776 1102 1840 Bbilc
1120 1792 1162 1840 est
1190 1784 1223 1838 ad
1249 1798 1380 1840 cacumen
1403 1796 1475 1838 vera
1500 1783 1636 1839 eastitatis
1655 1791 1684 1838 et
1715 1784 1841 1853 puritatis

171 1869 174 1874 “
197 1871 236 1926 r'is
257 1871 366 1942 puritati
381 1870 472 1926 cordis
486 1886 539 1926 tion
556 1882 709 1928 aversatur.
731 1872 770 1928 Ea
784 1873 873 1946 itaque
886 1872 994 1945 corpori
1047 1876 1204 1933 ascendere.
1214 1875 1347 1932 Convenit
1356 1874 1531 1945 igitur,jurta
1549 1873 1656 1929 bomini
1671 1887 1778 1940 rocem,
1790 1888 1841 1929 uos

199 1964 301 2018 tribuas
316 1980 376 2034 qiua
392 1961 538 2020 iudrmitaa
555 1964 614 2036 ejus
635 1965 762 2037 postulat,
780 1982 833 2021 nou
846 1982 907 2039 quac
919 1968 996 2022 volu·
1047 1968 1174 2023 interiora
1188 1967 1282 2023 culicis
1301 1977 1329 2023 et
1342 1966 1497 2039 paropsidis
1519 1965 1661 2034 mundare,
1676 1973 1707 2020 ut
1718 1966 1773 2020 sint
1793 1981 1839 2021 er·

200 2066 259 2123 pras
279 2056 391 2121 expetit.
413 2055 542 2113 ciborum
563 2072 627 2114 usus
645 2057 790 2115 adhibetor
809 2067 940 2131 quantum
960 2058 994 2115 ad
1047 2060 1147 2117 teriora
1177 2059 1278 2114 munda
1300 2056 1419 2129 lllcttlr.
1442 2070 1519 2124 xrrrr,
1545 2053 1840 2127 att).ouapruptcrsi

199 2148 281 2201 uitam
304 2145 448 2202 lorcrrdam
473 2148 658 2204 necessarium
681 2156 733 2218 est,
750 2164 811 2228 ‘non
834 2155 865 2205 nt
884 2148 995 2218 impetui
1046 2167 1110 2208 cura
1133 2151 1169 2206 sit
1182 2151 1272 2216 nobis,
1290 2149 1368 2220 juxta
1384 2148 1561 2220 Apostolum,
1583 2147 1703 2217 legitime
1717 2146 1840 2203 retundi

199 2229 426 2308 concupiscentiae
449 2241 593 2296 serviatur.
616 2239 756 2296 Moderata
777 2249 806 2296 et
823 2239 996 2297 rationabilis
1046 2253 1076 2300 ct
1096 2257 1225 2299 eoronam
1247 2241 1400 2313 aecipiendi
1415 2241 1458 2310 (11
1473 2240 1542 2300 Tim.
1558 2255 1588 2303 tt,
1605 2239 1657 2311 5),
1669 2239 1775 2295 devicto
1790 2240 1840 2294 un·

199 2333 252 2389 cibi
274 2335 394 2405 sumptio
416 2334 562 2390 sanitatem
577 2336 700 2406 eorporis
717 2335 996 2401 conciliatnecsan-
1049 2349 1118 2406 put-o
1143 2335 1329 2390 fornicatiouis
1358 2334 1471 2403 spirito,
1496 2348 1530 2388 ne
1548 2332 1648 2389 nostris
1667 2332 1786 2395 viribus,
1805 2348 1840 2388 aa

199 2428 320 2482 etitatem
334 2426 433 2483 aulert.
452 2428 514 2483 ttae
536 2443 630 2483 rtnrma
646 2437 674 2485 et
686 2430 779 2499 reputa
794 2437 837 2485 est
855 2428 995 2485 abstinen-
1048 2440 1148 2484 nostrae
1163 2427 1250 2484 ascesi
1267 2426 1458 2494 cooddamus,
1478 2425 1527 2483 sed
1540 2426 1711 2494 opitulationi
1735 2426 1839 2483 Domini

200 2517 244 2572 dac
258 2530 399 2584 accurata,
416 2535 430 2574 a
450 2519 551 2574 satietis
566 2520 693 2576 Patribus
705 2521 814 2586 tradita,
830 2531 860 2576 ut
875 2521 995 2577 instante
1049 2517 1108 2573 ilci.
1128 2516 1224 2573 Nullus
1244 2518 1315 2573 enim
1331 2516 1433 2573 bomini
1452 2515 1512 2571 dois
1525 2517 1681 2573 certaminis
1695 2531 1755 2571 curn
1768 2519 1840 2585 ejus·

199 2608 288 2663 adbuc
300 2614 431 2678 appetitu.
445 2609 497 2665 eibi
509 2609 632 2665 sumendi
650 2610 732 2665 llttem
747 2609 828 2667 iaciat
844 2610 889 2683 qui
903 2626 995 2666 cume·
1049 2610 1122 2665 morti
1136 2611 1269 2675 damone,
1284 2607 1373 2663 donec
1393 2621 1487 2664 rerera
1500 2608 1591 2664 eredat
1607 2622 1637 2664 se
1651 2623 1705 2662 non
1720 2620 1770 2662 suo
1784 2619 1839 2662 stu·

199 2699 250 2754 dit.
265 2700 297 2755 Et
311 2701 457 2771 Apostolus
471 2701 534 2756 dum
549 2701 588 2758 ait
605 2719 611 2757 :
628 2700 723 2757 Carnis
738 2718 826 2757 curcur
839 2719 871 2758 nc
883 2704 996 2775 feceritis
1048 2703 1094 2759 dio
1106 2710 1153 2758 aut
1168 2702 1277 2766 labore,
1290 2701 1339 2757 sed
1353 2699 1401 2757 Dei
1414 2702 1529 2772 impulsu
1540 2710 1569 2756 ct
1581 2699 1684 2757 auritio
1696 2700 1732 2756 ab
1745 2700 1836 2770 licina-

199 2791 226 2846 iu
249 2791 379 2846 derideris
402 2791 413 2867 l
425 2790 501 2847 Rom.
527 2808 586 2859 arri,
609 2790 680 2866 11),
705 2806 762 2848 non
784 2792 995 2849 sollicitudinem
1048 2794 1123 2851 modi
1144 2794 1241 2849 morbo
1264 2791 1390 2860 liberari,
1404 2802 1432 2849 ct
1453 2794 1486 2850 ad
1501 2807 1636 2850 summum
1653 2793 1838 2850 castitatisls-

198 2884 262 2939 ritae
285 2883 467 2940 neeessariam
492 2883 642 2954 probibuit,
663 2886 711 2941 sed
731 2900 823 2941 euram
846 2888 932 2943 uetuit
954 2886 997 2943 lo-
1048 2889 1156 2957 stipium
1171 2887 1330 2943 ascendere.
1346 2886 1777 2956 Enimuerosupranaturamres
1786 2897 1837 2953 est.

198 2975 293 3030 rendae
316 2974 469 3044 voluptatis.
498 2972 634 3031 eninm
661 2973 695 3031 ad
724 2976 873 3047 perlectam
897 2978 995 3034 anima
1048 2991 1077 3036 et
1098 2981 1189 3050 aliquo
1209 2979 1290 3035 modo
1310 2987 1388 3036 extra
1410 2994 1509 3049 corpus
1522 2979 1633 3046 existit,
1656 2981 1702 3050 qui
1717 2980 1838 3035 stimulos

199 3065 359 3136 puritatem,
382 3066 440 3121 sola
468 3066 592 3126 ciborum
615 3067 780 3123 abstinentia
801 3084 855 3124 nou
878 3067 993 3132 surdelt,
1049 3073 1139 3129 caruis
1149 3073 1263 3145 eiusque
1272 3072 1424 3144 voluptates
1435 3071 1559 3127 calcavit.
1570 3073 1659 3140 Quare
1671 3072 1838 3144 impossibile

199 3156 250 3211 uisi
274 3167 441 3212 concurrant
465 3166 571 3213 caterae
595 3158 720 3214 uirtutes.
737 3159 882 3215 Humilitaa
905 3162 995 3232 itaque
1008 3154 1033 3219 C
1048 3175 1089 3222 est
1103 3164 1253 3228 bominem,
1266 3164 1333 3229 suis.
1354 3173 1384 3220 ct
1397 3163 1432 3219 ita
1446 3162 1546 3229 dicam,
1563 3163 1669 3234 peonis,
1682 3164 1717 3219 ad
1731 3163 1784 3220 boe
1796 3179 1838 3220 ea·
1912 3211 1919 3224 .

199 3263 247 3319 per
259 3247 441 3303 obedientiam
460 3248 487 3302 io
502 3265 595 3319 opere,
610 3258 638 3304 et
650 3265 697 3319 per
711 3249 885 3307 afflictionem
896 3267 994 3318 corpo·
1047 3273 1146 3315 cumen
1167 3265 1194 3313 et
1216 3256 1250 3314 ad
1272 3257 1397 3313 bracium
1409 3257 1560 3312 sanctitatis
1582 3257 1721 3325 advolare,
1734 3257 1839 3330 euplo·

199 3339 238 3391 ris
259 3352 354 3408 magua
380 3338 459 3393 nobis
481 3338 588 3394 eorrlert
612 3339 692 3394 bona.
718 3339 785 3396 illud
808 3350 849 3397 ent
872 3341 994 3398 auaritiae
1046 3366 1161 3422 rumque
1180 3351 1345 3407 initiatorem
1368 3350 1449 3418 eillci,
1465 3350 1518 3406 nisi
1540 3351 1614 3408 illum
1633 3354 1720 3422 qratia
1737 3352 1788 3408 Dei
1806 3367 1838 3408 er

195 3440 338 3499 ffllefleffl
354 3443 426 3498 0⁸⁸0·
444 3446 497 3484 ⁰⁰¹¹
512 3431 593 3486 ¹¹¹⁰d⁰
608 3433 737 3500 pecunias
750 3432 929 3500 ”wimberti
946 3434 994 3492 sed
1048 3453 1118 3499 terra
1134 3451 1162 3500 et
1180 3458 1259 3499 cteno
1277 3441 1384 3498 educat.
1399 3441 1477 3497 Nulla
1499 3443 1572 3497 euim
1594 3443 1697 3499 uirtute
1718 3443 1838 3499 homines

80 3537 83 3542 ·
198 3535 234 3576 ue
248 3521 442 3589 concupiscere
458 3522 566 3592 quidem
582 3523 688 3578 illarum
703 3526 915 3594 possessionem.
931 3528 995 3585 toi-
1046 3549 1129 3590 carne
1144 3534 1238 3605 illigati
1254 3535 1412 3590 coetesriom
1432 3534 1535 3605 angelis
1550 3535 1696 3591 similiores
1716 3535 1837 3592 eldciun·

200 3627 271 3668 mam
294 3612 328 3668 ad
345 3615 487 3682 puritatem
503 3616 613 3671 adducit
626 3616 759 3674 cohibitio
777 3619 847 3691 irae,
864 3621 993 3690 tristitiae,
1047 3635 1101 3691 tur,
1118 3641 1198 3696 quam
1220 3626 1398 3696 temperantia
1424 3643 1431 3679 :
1452 3641 1574 3697 peream
1588 3628 1659 3682 enim
1675 3626 1740 3682 dum
1754 3607 1837 3682 ndlrnc

196 3703 399 3774 uaria-gloriae,
421 3706 565 3772 suprarbiae.
584 3707 648 3764 Hac
659 3710 748 3765 omniu
764 3712 917 3768 universam
932 3714 994 3770 ard·
1046 3717 1074 3773 in
1090 3727 1162 3773 terra
1177 3720 1288 3788 degunt,
1309 3718 1417 3780 babent.
1433 3718 1510 3788 juxta
1523 3717 1703 3788 Apostolum,
1726 3735 1837 3776 conner-

198 3812 251 3852 mna
272 3799 413 3866 puritatem
427 3799 560 3856 alliciunt.
574 3800 723 3859 Puritatem
737 3814 828 3861 autem
850 3807 922 3863 illam
935 3809 996 3865 nni·
1046 3806 1456 3881 sationemincoelis(Philipp.
1478 3810 1595 3881 urdo).
1611 3809 1680 3866 lituo
1694 3820 1783 3867 autern
1798 3818 1837 3866 cst

198 3901 252 3942 mae
276 3888 457 3957 peculiarem,
474 3907 534 3959 quse
548 3907 598 3962 per
617 3897 824 3966 temperantiam
844 3900 992 3968 obtinetur,
1046 3904 1154 3956 virtutis
1167 3901 1307 3970 hujuscea
1323 3902 1400 3956 pribis
1413 3903 1553 3972 acquisita
1568 3903 1710 3971 iudicium,
1724 3904 1750 3960 si
1768 3905 1834 3961 nulla

197 3980 360 4036 abstinentia
374 3980 400 4037 in
417 3982 512 4054 primis
526 3994 554 4039 et
569 3984 702 4056 jejunium
717 3988 848 4046 elllciout.
866 3992 995 4062 impossi·
1045 3993 1171 4050 obscena
1196 3994 1348 4063 pirantasiae
1373 3994 1461 4064 imago
1480 3994 1639 4050 dormientis
1660 3995 1757 4051 subeat
1778 3995 1836 4050 ani-

199 4071 253 4126 bile
271 4071 372 4142 quippe
394 4084 436 4129 eat
461 4088 523 4128 eum
548 4076 593 4144 qui
619 4089 695 4131 satur
709 4089 805 4133 ventre
827 4089 887 4147 est,
902 4082 994 4137 aniruo
1045 4085 1262 4142 mumditiam
1278 4087 1349 4142 enim
1365 4097 1505 4157 peccatum
1519 4104 1572 4143 non
1588 4097 1732 4162 reputatur
1747 4091 1835 4158 bajus·

198 4162 342 4218 decertare
361 4162 493 4218 adsersus
513 4165 638 4233 spiritum
657 4165 854 4224 fornicatiouis.
873 4172 992 4229 Primum
1045 4178 1119 4234 orodi
1142 4190 1244 4243 motus,
1267 4179 1373 4249 siquam
1389 4188 1480 4234 umen
1495 4188 1537 4236 est
1551 4183 1708 4251 agrotantis
1721 4196 1754 4236 ae
1769 4196 1834 4236 non·

105 4280 107 4284 ·
198 4257 289 4326 itaque
315 4253 394 4310 uubis
416 4256 453 4312 sit
474 4265 626 4328 certamen,
653 4268 682 4313 ut
707 4262 794 4317 terrui
815 4264 992 4333 imperemus,
1045 4270 1111 4325 dum
1135 4270 1264 4341 passione
1288 4270 1336 4326 tali
1366 4270 1489 4327 liberata
1515 4273 1630 4328 anime.
1658 4271 1833 4341 Quamobrem

198 4362 353 4419 corpusque
367 4347 394 4403 in
405 4350 564 4406 seruitutem
584 4350 752 4408 deducamus
764 4371 771 4408 ε
784 4371 837 4411 nou
852 4358 932 4413 ruodo
946 4375 994 4428 per
1045 4365 1179 4421 obscenas
1199 4365 1259 4420 illas
1281 4365 1437 4436 pitantasins
1451 4367 1522 4420 inte‘r
1535 4365 1725 4422 dormiendum
1738 4381 1833 4422 occur·

196 4439 341 4512 jejunium,
356 4440 405 4497 sed
426 4443 508 4498 etiarn
532 4459 580 4515 per
602 4444 719 4517 uigilias,
743 4447 875 4519 laborem,
898 4450 993 4508 lectio·
1046 4467 1139 4513 renites
1160 4466 1256 4529 putare
1277 4457 1406 4514 debemus
1430 4472 1493 4513 csse
1512 4458 1696 4528 precedentis
1715 4459 1833 4529 segnitici

199 4547 284 4601 nem,
308 4532 373 4589 1ιιιι
396 4534 487 4590 animo
511 4537 689 4605 concipiendo
708 4536 840 4609 gebennas
865 4541 992 4600 timorem
1009 4518 1248 4620 ¹'argumentum
1261 4559 1457 4617 atqnenostra
1471 4549 1647 4616 itrdrmitatis,
1661 4551 1833 4619 morbumque

198 4629 227 4679 tl
241 4621 407 4679 deridebunt
423 4625 498 4696 teoni
510 4627 651 4682 wiotum·
1046 4641 1074 4697 iu
1087 4639 1195 4699 secretu
1209 4642 1299 4699 cordis
1310 4642 1396 4697 nostri
1411 4643 1539 4699 latentem
1558 4647 1645 4713 aperit
1663 4646 1780 4701 cessatio
1793 4658 1833 4697 sn

234 4712 263 4770 d.
283 4710 482 4786 (desolasti.
498 4717 595 4784 mot
612 4726 636 4773 ct
648 4719 733 4792 ιιιι.)
747 4720 902 4780 Secundum
916 4727 995 4784 nobis
1047 4733 1113 4789 mciii
1135 4718 1358 4803 expergiscentis.
1378 4732 1468 4800 Quare
1490 4735 1642 4790 animarum
1672 4734 1793 4792 medicus
1810 4735 1834 4791 in

199 4816 394 4865 ost—certarnen
410 4810 680 4882 adrcrrnsspirituru
694 4813 996 4877 lorrtieationisetcou·
1047 4825 1145 4881 animas
1177 4823 1363 4894 penetralibus
1389 4823 1550 4880 medicinam
1576 4826 1717 4893 reposuit.
1742 4841 1834 4898 ellim

193 4900 396 4970 -eupiscentiuut
408 4903 511 4972 caruis,
526 4918 587 4975 quae
600 4905 850 4976 concupiscentias
863 4912 994 4983 primata
1047 4916 1136 4973 morbi
1150 4927 1249 4972 causas
1262 4915 1328 4974 inibi
1342 4930 1412 4983 esse,
1432 4914 1496 4971 (¹¹¹¹ss
1511 4916 1550 4972 ³5²
1568 4931 1576 4971 ἓ
1598 4915 1651 4985 0¹²⁵
1664 4918 1769 4988 'ulli‘il
1781 4934 1833 4971 ¹¹·

199 5002 282 5049 etate
309 4993 461 5051 molestiam
486 4994 589 5054 bomini
612 5012 708 5057 creare
732 5000 838 5074 incipit.
868 5005 994 5076 Magnum
1048 5008 1427 5078 liereutudconcupirccndum
1443 5012 1572 5083 campum
1589 5010 1835 5068 mcclutrrsesterrr

196 5082 269 5138 illud
287 5098 427 5156 ‘maeque
450 5100 602 5154 certamen.
627 5089 729 5162 dpplici
752 5103 882 5152 constans
901 5098 994 5168 ιιιιις
1046 5103 1075 5157 iu
1090 5102 1168 5157 emtis
1178 5118 1226 5157 ruo
1238 5102 1252 5173 ,l
1264 5101 1360 5156 ltartli.
1375 5117 1401 5169 u,
1416 5099 1484 5174 ιδ),
1497 5117 1550 5157 nou
1565 5112 1668 5159 tantum
1685 5116 1714 5160 ut
1729 5106 1835 5161 Ιιιιίιιι

201 5175 299 5246 duplex
310 5177 383 5234 cuim
397 5188 456 5249 eat,
473 5195 542 5238 cum
563 5183 591 5239 in
604 5198 721 5255 corpore
734 5195 762 5241 et
775 5187 905 5245 inanima
918 5204 994 5247 mm·
1047 5202 1076 5250 ot
1089 5193 1214 5249 cariosos
1225 5193 1321 5250 oeulos
1334 5194 1504 5265 corriperet,
1521 5195 1569 5251 sed
1583 5195 1670 5251 multo
1685 5201 1770 5268 magis
1782 5197 1834 5253 ani·

201 5271 516 5345 mitiusue-rapinum
530 5274 632 5347 duplici
646 5287 754 5350 oportet
770 5295 832 5338 curn
847 5283 895 5340 illo
908 5298 995 5357 pugna
1048 5302 1119 5341 mam
1136 5285 1389 5357 inmeritamque
1411 5286 1498 5342 oculis
1514 5287 1547 5342 ad
1562 5287 1663 5344 bonnm
1689 5289 1742 5345 sibi
1754 5303 1770 5344 a
1784 5289 1834 5343 beu

199 5361 357 5435 condicere.
373 5365 466 5438 tteqtie
479 5369 552 5424 cuim
570 5372 714 5441 corporale
726 5373 858 5445 jejunium
873 5378 940 5433 satis
954 5387 998 5435 est
1048 5377 1120 5434 datis
1135 5378 1258 5446 improbe
1270 5389 1312 5435 est
1326 5393 1466 5451 usaaquae
1485 5393 1568 5436 eausa
1592 5392 1634 5436 est
1655 5397 1705 5435 cur
1730 5382 1834 5451 &pient

201 5452 235 5507 ad
249 5454 577 5529 perlectcrempcramia
597 5465 798 5535 possessionem
812 5480 842 5525 et
853 5469 888 5526 ad
905 5486 996 5528 reram
1049 5470 1225 5539 proverbium
1241 5471 1324 5537 dicat,
1338 5487 1402 5536 uon,
1414 5470 1495 5526 Omni
1505 5471 1628 5528 cuswdia
1641 5487 1722 5529 serra
1732 5472 1833 5535 oraton

201 5546 366 5614 castitatem,
391 5552 443 5606 nui
463 5552 537 5608 adsit
549 5557 637 5613 oratio
650 5557 684 5613 ad
700 5557 784 5615 [lcum
804 5560 924 5629 assidua
941 5562 996 5620 lre·
1049 5563 1117 5631 sed,
1142 5560 1220 5619 Omani
1234 5566 1353 5620 crucilia
1366 5580 1439 5622 urea
1452 5580 1496 5621 cor
1517 5575 1591 5620 tuum
1604 5562 1706 5637 (Prot.
1721 5582 1758 5630 tt.
1771 5560 1833 5632 ²3)-

201 5647 289 5702 qecns
308 5637 460 5698 divinarunt
474 5641 672 5716 Scripturartrm
688 5648 846 5719 *meditatio
871 5651 949 5709 labor
967 5662 997 5710 st
1050 5652 1090 5710 illi
1116 5655 1223 5712 scilicet
1241 5656 1362 5713 monime
1382 5656 1513 5713 custodia
1535 5656 1686 5712 remedium
1705 5652 1831 5727 applicat.

202 5737 272 5791 opus
292 5742 428 5803 erraticum,
441 5749 501 5808 qua
516 5735 657 5800 ueniter
677 5742 778 5805 animtr
789 5744 906 5832 impetus
921 5760 997 5836 coru:
1049 5762 1109 5821 que
1122 5748 1210 5807 oculis
1220 5748 1334 5809 arbitrio
1347 5764 1398 5808 sco
1413 5749 1507 5808 utitur.
1525 5749 1616 5821 ltaque
1629 5748 1688 5808 lure
1698 5749 1734 5808 sit
1747 5758 1830 5820 parre
