4009 6184
193 271 197 279 '
262 286 315 346 sor
757 271 784 328 s
806 262 967 326 sucirensi
987 256 1229 320 uoenonsnsrs
1247 256 1399 314 nerseom
1822 264 1858 318 ,02

262 408 345 457 mant.
359 404 395 453 ns
405 390 441 453 tle
454 395 503 451 lroc
513 392 649 463 disputant
661 407 667 443 :
680 387 839 458 Decaloqnm
851 386 939 456 ipsum
950 391 1046 442 totum,
1063 381 1087 443 Α
1101 390 1186 447 catur,
1201 379 1243 436 rel
1258 394 1305 449 per
1316 376 1450 448 eiusmodi
1463 375 1651 432 abstinentiam
1665 377 1704 432 rel
1719 392 1760 446 per
1772 379 1859 436 ebern-

264 492 325 562 quia
341 489 367 545 in
382 489 425 546 ills
435 487 519 558 prims
530 485 588 554 lege
598 479 778 550 couscriptum
789 487 841 544 est,
852 484 926 533 recte
938 474 1052 542 primum
1104 471 1244 525 cisionem.
1260 470 1387 539 Sequitur
1399 479 1507 522 antem:
1526 466 1626 520 Nonio
1644 467 1735 522 lionore
1753 469 1822 533 aliquo
1835 474 1859 525 ιι

170 629 176 636 .
264 583 418 636 mandatum
429 573 567 644 appellari,
576 570 647 642 quod
656 568 747 640 utique
758 567 873 637 priorum
886 563 966 620 iaciat
975 561 1052 630 ordo,
1104 561 1267 616 saturitatem
1280 560 1380 626 cornis;
1391 573 1455 627 erqo
1470 556 1574 612 honest
1595 556 1665 625 quod
1689 557 1741 611 cult
1760 559 1859 629 intelligi:

265 679 353 742 postea
365 667 477 721 aliorum
488 666 513 719 in
524 665 583 734 lege
595 675 763 731 consequens
773 664 978 728 praeceptorum.
988 651 1055 706 item
1105 653 1205 708 Omnes
1219 651 1273 706 ille
1286 650 1506 716 observationes,
1521 650 1586 705 liect
1606 649 1634 703 in
1656 649 1810 705 observantia
1826 655 1861 706 sli-

264 776 297 816 ιι
313 757 472 814 hsrealiter:
489 753 597 808 donoro
615 760 713 824 putrem
735 759 759 805 et
781 756 908 811 matrem,
931 743 1000 814 quod
1020 750 1057 796 est
1106 757 1186 812 quarn
1211 742 1349 812 sapientise
1373 739 1502 810 praeferre
1523 740 1664 796 rideantur
1686 739 1802 809 figuram,
1818 746 1861 812 quir

263 849 413 903 mendorum
432 845 561 916 primunr,
582 849 611 896 et
627 840 772 911 subjungit,
786 839 812 893 in
824 835 1013 909 promissione.
1027 833 1056 888 ln
1108 844 1234 906 putentur
1247 836 1333 905 legent
1345 841 1542 904 praceptorum
1556 843 1659 900 tenere,
1672 835 1787 893 timeuin
1796 849 1864 905 sopr-

263 951 315 1004 qos
331 934 527 1004 promissione?
545 931 578 989 ilt
599 933 659 987 bene
678 930 710 984 rit
734 930 800 994 tibi,
822 937 845 982 et
867 925 903 981 sis
926 923 1057 995 icnpoecus
1108 927 1217 983 stitione
1230 936 1303 992 sunt,
1318 941 1371 980 non
1387 926 1413 980 iu
1428 924 1518 995 aliquo
1533 926 1636 979 lrorrore
1652 925 1712 988 Dei,
1730 925 1773 980 sed
1787 925 1816 979 ad
1830 942 1863 981 es·

263 1040 340 1090 super
355 1035 448 1079 terram
460 1023 557 1094 (Ecod.
574 1037 623 1090 ss,
640 1020 695 1092 ld).
710 1020 792 1090 igitur
804 1018 831 1074 in
853 1015 986 1071 mandatis
1008 1013 1059 1070 lroc
1109 1016 1235 1089 piendam
1249 1016 1413 1072 uoluntatem
1428 1015 1608 1070 observantie
1622 1015 1743 1069 carnraiis.

265 1123 307 1168 cst
331 1115 446 1183 primum
472 1111 645 1179 mandatum,
668 1109 739 1180 quod
760 1108 868 1177 babeat,
885 1121 963 1177 quatu
977 1119 1059 1175 supra
1385 1121 1441 1160 ιιι
1456 1120 1625 1160 ιιιιοτιιιιι.

266 1202 394 1269 diximus,
409 1203 625 1272 promissionem.
1147 1196 1201 1252 lot.
1214 1196 1279 1265 Qun
1293 1197 1457 1268 singolorum
1472 1212 1560 1251 rerum
1573 1207 1615 1252 est
1629 1196 1775 1262 ιιιίμῖιιιι
1789 1197 1866 1254 dinn-

301 1290 354 1347 int.
372 1292 441 1359 Quid
454 1293 504 1348 silri
518 1292 574 1346 volt
588 1291 652 1346 illud
671 1290 742 1361 quod
763 1289 910 1345 scribitur:
934 1286 1061 1358 Spiritum
1112 1291 1150 1344 tin
1164 1289 1191 1344 in
1214 1289 1257 1343 lris
1277 1304 1344 1358 quas
1366 1291 1513 1357 dpnsrinlus
1537 1289 1641 1358 protest
1660 1290 1764 1345 dicens:
1786 1291 1869 1345 Dinon

267 1385 346 1438 nolite
359 1386 518 1457 exstinquere
532 1385 541 1452 l
549 1384 558 1437 l
571 1383 660 1438 Tlrcss.
676 1399 702 1448 ι,
718 1383 782 1454 tint
1112 1383 1190 1453 initur
1200 1382 1283 1450 primo
1296 1383 1408 1435 omnium
1422 1383 1478 1450 ieri
1493 1383 1688 1447 obsecrationes,
1702 1383 1826 1447 orniam,
1837 1400 1868 1452 pn

305 1473 382 1540 llesp.
398 1474 585 1544 Exstinquere,
602 1474 684 1528 idest
699 1472 790 1543 lugere
805 1487 853 1541 pcr
867 1486 949 1541 opera
964 1470 1062 1541 iniqui·
1111 1475 1272 1539 notationes,
1288 1477 1431 1546 pretiorum
1445 1476 1559 1531 actiones
1575 1474 1603 1548 (l
1618 1475 1685 1530 lim.
1699 1491 1728 1536 rr.
1743 1474 1776 1546 l).

270 1568 341 1620 totis.
356 1565 438 1620 Dauid
454 1566 558 1635 inquit:
579 1565 706 1636 Spiritum
720 1575 836 1619 sonetum
851 1575 923 1619 tuum
937 1580 968 1617 ne
986 1564 1061 1631 ouie-
1149 1567 1227 1635 liesp.
1242 1567 1448 1622 Obsecrntiones
1459 1566 1526 1621 liunt
1540 1582 1588 1635 pro
1600 1568 1715 1636 peccatis
1726 1566 1869 1635 praeteritisei

269 1672 311 1709 ror
326 1671 342 1708 o
355 1671 395 1709 ose
409 1653 468 1727 (Ps.
483 1670 508 1721 u,
525 1654 581 1725 lb).
1113 1656 1308 1727 presentibus;
1323 1656 1461 1713 orationes
1476 1672 1524 1726 pro
1538 1657 1718 1726 adipiscendis
1730 1671 1784 1726 qua
1800 1672 1869 1726 spera·

304 1745 359 1800 ιιι.
375 1747 501 1817 Sequitur
517 1746 596 1816 poulo
611 1755 671 1817 post
685 1747 711 1802 in
726 1746 842 1803 eodem:
858 1745 892 1802 Ut
904 1747 1000 1817 inteper
1011 1745 1064 1816 spi·
1078 1732 1104 1796 Β
1118 1761 1190 1811 mus;
1205 1745 1400 1815 postulationes
1414 1760 1474 1801 cum
1490 1761 1538 1817 pro
1551 1747 1613 1801 aliis
1629 1747 1818 1811 intervenimus3
1828 1761 1869 1815 pa
1924 1703 1927 1822 1

270 1838 334 1894 ritus
349 1849 439 1903 uester,
452 1846 475 1893 et
488 1840 584 1903 enimn,
601 1847 624 1891 et
640 1853 732 1907 cerpus
745 1839 801 1891 sine
813 1835 917 1909 querele
931 1838 958 1890 in
971 1837 1067 1890 odoen-
1117 1834 1212 1890 tiorum
1228 1838 1347 1892 actiones
1363 1852 1424 1893 essm
1436 1852 1467 1893 ea
1481 1852 1542 1908 qua
1555 1836 1692 1908 poscimus
1715 1838 1868 1907 impetramus,

272 1939 326 1983 tuns
340 1928 442 1983 Domini
463 1929 544 1983 riostri
561 1927 735 1995 desuibristi
751 1939 863 1983 seruetur
882 1926 909 2000 (l
929 1923 1019 1982 liress.
1035 1941 1065 1997 r,
1116 1924 1159 1979 rel
1172 1935 1246 1982 certe
1269 1939 1330 1981 cum
1352 1941 1400 1995 pro
1422 1924 1561 1982 immensis
1582 1925 1632 1982 Dei
1654 1925 1782 1983 ιιιιιιιιιι
1798 1928 1870 1996 gratiss

270 2021 338 2092 iil:
355 2022 417 2091 quid
432 2020 475 2076 irie
490 2020 690 2090 intelligendum
704 2021 777 2077 esti·
1116 2014 1263 2084 laudesque
1276 2016 1429 2073 scierimus.

310 2111 388 2183 liesp.
402 2112 531 2182 Spiritum
545 2112 588 2168 ιιι
602 2111 664 2167 dicit
680 2110 770 2181 utique
785 2111 859 2167 illum
875 2119 1017 2174 sanctum,
1033 2108 1067 2168 ds
1153 2105 1208 2161 lot.
1222 2106 1309 2162 Locus
1323 2108 1368 2163 ille
1379 2108 1513 2179 quomodo
1526 2108 1700 2177 accipiendus
1720 2117 1776 2175 est,
1795 2110 1816 2162 in
1834 2122 1871 2177 qm

272 2217 326 2273 quo
340 2216 420 2272 sopra
435 2201 558 2256 dixerat:
575 2201 703 2272 Spiritum
722 2201 802 2256 nolite
822 2203 992 2276 exstinquere.
1017 2199 1068 2269 Qut
1116 2198 1262 2254 scribitur:
1290 2198 1467 2266 Quorumdam
1491 2202 1626 2256 borninum
1651 2210 1750 2274 precato
1770 2202 1871 2270 manifesto

273 2292 380 2364 quidem
396 2308 457 2348 cum
471 2292 497 2347 in
512 2291 661 2346 substantia
676 2307 724 2348 sua
739 2307 793 2347 ιοι
813 2292 899 2362 possit
919 2290 1065 2361 exstingui,
1116 2299 1176 2347 sunt
1190 2289 1358 2358 procedentia
1373 2292 1408 2347 ud
1415 2292 1555 2366 judicium,
1568 2293 1691 2364 quosdom
1708 2300 1784 2347 auton
1798 2302 1817 2344 et
1831 2291 1872 2344 sri-

273 2386 451 2455 esstingoitur
469 2385 495 2439 in
511 2384 601 2449 nobis,
616 2398 677 2440 cum
691 2384 812 2440 aufertur
825 2398 841 2438 a
854 2383 943 2440 nobis.
961 2381 1068 2437 Donum
1117 2390 1259 2452 eqourum
1274 2380 1301 2453 (l
1314 2379 1383 2438 lint.
1399 2397 1426 2449 r,
1440 2383 1511 2452 illi

274 2490 391 2547 nansque
404 2476 462 2547 ejus
479 2477 521 2532 vel
545 2475 629 2546 qratia
655 2476 681 2531 in
707 2474 860 2530 bominibus
880 2475 952 2530 sicut
971 2487 1067 2528 eorum
1154 2472 1234 2545 iiesp.
1248 2473 1334 2543 Supra
1348 2473 1462 2541 dixerat,
1478 2475 1601 2530 odcersus
1614 2473 1783 2547 promotorum
1796 2489 1872 2526 occsa

275 2570 418 2626 virtutibus
430 2569 601 2632 accenditur,
615 2568 652 2622 ita
671 2582 764 2623 corum
785 2566 856 2622 vitiis
875 2565 1067 2638 exstinguitur.
1118 2565 1214 2624 tionem
1228 2580 1282 2621 uon
1295 2564 1488 2637 recipiendam,
1503 2567 1553 2622 nisi
1564 2567 1613 2621 sub
1626 2566 1721 2621 duobus
1735 2574 1756 2620 et
1772 2566 1835 2619 tribes
1848 2576 1872 2616 n·

274 2661 328 2717 etii
348 2670 472 2715 asserunt
487 2659 610 2730 spiritum
631 2657 674 2713 liic
693 2658 878 2726 accipiendum
897 2672 958 2714 esse
970 2658 1069 2714 animas
1118 2656 1199 2711 scitos
1213 2654 1240 2726 (l
1256 2654 1322 2709 Tim.
1340 2669 1366 2721 r,
1381 2655 1441 2724 ι9);
1456 2663 1483 2712 ιι
1496 2657 1649 2728 paulopost
1662 2655 1769 2711 addidit:
1781 2656 1873 2721 omnm

275 2750 359 2822 ipsius
371 2749 537 2805 intellectum
551 2759 632 2819 atque
644 2747 813 2820 sapientiam.
828 2747 867 2804 De
876 2743 930 2820 quo
941 2747 996 2803 alio
1008 2747 1068 2803 loco
1119 2745 1179 2799 dam
1192 2744 1323 2799 bominum
1334 2754 1438 2817 peccato
1450 2754 1509 2800 sunt
1523 2747 1696 2818 precedentis
1714 2746 1745 2799 ed
1762 2745 1873 2819 judicius,

275 2841 346 2896 idem
362 2841 506 2911 Apostolus
527 2840 612 2896 dicit:
636 2837 670 2893 Ει
692 2840 745 2911 ipse
759 2838 872 2909 Spiritus
896 2839 1069 2893 testimonium
1120 2838 1212 2909 utique
1224 2838 1287 2893 dum
1302 2837 1428 2893 omnibus
1442 2849 1505 2895 nota
1526 2847 1609 2904 sout;
1636 2838 1751 2910 quadam
1771 2847 1841 2893 sutem
1856 2844 1874 2888 d

274 2933 360 2987 reddit
372 2932 473 3002 spiritui
486 2941 583 3000 nostro,
595 2931 665 3003 qnod
683 2947 770 2986 sumus
782 2930 831 3000 ptri
841 2930 889 2985 Dei
908 2930 996 3002 (Rom.
1009 2945 1067 3000 urst,
1119 2929 1330 3000 subsequuntur,
1343 2931 1434 3000 utique
1447 2930 1510 2986 dum
1524 2940 1620 3001 postea
1633 2931 1661 2986 in
1676 2931 1771 3002 judicio
1785 2941 1874 2994 compro

276 3024 331 3095 ld).
349 3022 404 3080 lloe
418 3031 469 3089 est,
484 3022 561 3093 ,quod
575 3021 621 3078 ille
635 3021 750 3092 Spiritus
764 3030 875 3078 sanctus
888 3021 951 3077 truie
964 3022 1070 3078 intelle·
1120 3022 1227 3078 bantur.
1240 3022 1318 3089 Quod
1331 3023 1354 3076 si
1366 3022 1437 3077 istud
1449 3022 1531 3093 aliqui
1544 3024 1570 3078 in
1578 3022 1682 3093 judicio
1694 3023 1737 3077 Dei
1748 3017 1875 3091 nnagissrci·

275 3115 357 3171 ctusli
378 3114 511 3184 spirituali
534 3122 626 3168 nostro
650 3113 833 3168 testimonium
857 3100 971 3179 reddat,
997 3110 1068 3184 qnod
1082 3092 1106 3162 C
1122 3116 1248 3183 piendum
1264 3123 1372 3192 potant,
1388 3124 1476 3184 potest
1495 3117 1531 3171 ita
1551 3115 1685 3186 intelligi:
1707 3113 1839 3171 Praecedens
1852 3110 1874 3163 ιι

275 3220 368 3261 suasus
379 3205 430 3281 ¹lilii
440 3204 500 3260 Dei.
513 3204 574 3259 dlio
585 3218 689 3274 qnoque
701 3203 762 3258 loeo
774 3203 918 3272 spostolus
930 3205 1068 3273 loquitur:
1119 3205 1247 3277 iudicium
1260 3206 1304 3259 illa
1316 3214 1422 3275 peccata
1435 3220 1495 3276 quae
1508 3214 1570 3261 ante
1583 3204 1630 3261 bie
1641 3207 1810 3273 uniusquisque
1822 3217 1875 3256 coro·

277 3293 396 3349 Psallam
415 3295 525 3364 spiritu,
547 3294 655 3358 paudum
673 3300 698 3348 et
721 3304 802 3348 mente
817 3292 845 3363 (l
864 3291 924 3348 Cor.
940 3309 995 3360 ιιι,
1011 3294 1067 3364 liii.
1121 3297 1240 3364 miserim
1254 3299 1378 3368 subsequi
1390 3314 1454 3353 nero
1469 3298 1526 3365 illa,
1540 3298 1640 3368 quibus
1659 3313 1708 3353 nos
1726 3296 1818 3367 quidem
1832 3307 1876 3346 ιιι·

278 3384 327 3440 Ιιιι
342 3384 465 3455 spiritum
481 3399 529 3453 pro
545 3399 609 3438 soce
622 3397 736 3455 ponens,
751 3392 779 3439 ιι
796 3399 863 3440 soce
882 3383 949 3440 dicit
969 3387 1071 3454 pariter
1121 3389 1310 3456 condedimus,
1326 3389 1372 3444 sed
1385 3389 1441 3459 jrm
1460 3398 1520 3460 post
1541 3392 1684 3446 transitum
1707 3398 1813 3443 nostrum
1831 3399 1875 3438 ιιι

279 3491 305 3534 ιι
321 3489 410 3534 mente
422 3478 600 3550 psallendum.
1121 3491 1253 3538 summata
1276 3482 1468 3551 intelliguntur.
1493 3482 1564 3553 Ergo
1588 3483 1781 3553 subsequuntur
1801 3475 1875 3531 nnsis

554 3585 589 3624 ιι
607 3582 795 3628 concessisses.
1118 3573 1250 3644 judicium
1262 3574 1415 3643 instiusmodi
1424 3581 1544 3644 peccata,
1553 3574 1586 3641 si,
1604 3574 1680 3629 verbi
1691 3572 1778 3644 pratia,
1792 3568 1828 3625 cni
1838 3566 1877 3621 nn

313 3658 368 3717 int.
384 3660 453 3730 Quid
467 3660 671 3732 intelligendum
682 3671 724 3717 est
738 3662 764 3716 in
778 3661 896 3732 capitulo
908 3660 966 3730 illo,
978 3662 1004 3717 in
1018 3677 1071 3732 quo
1122 3664 1174 3734 pia
1188 3678 1239 3720 uos
1251 3679 1346 3719 causus
1358 3664 1506 3729 attulimus,
1519 3663 1590 3720 lame
1604 3673 1666 3735 post
1677 3664 1773 3720 obitum
1785 3669 1876 3715 nostroe

277 3754 311 3811 ad
326 3753 500 3809 Colossenses
513 3753 656 3808 scribitur:
673 3752 704 3809 Si
716 3755 809 3808 mortui
821 3756 880 3808 estis
894 3769 952 3809 euru
969 3752 1072 3810 cbristo
1122 3766 1203 3827 atque
1216 3762 1335 3827 egestute
1347 3762 1522 3824 consumptus
1535 3755 1580 3810 sit.

278 3845 310 3899 ub
325 3845 452 3900 elementis
466 3844 565 3911 mundi,
581 3844 643 3915 quid
662 3844 748 3898 odlroe
768 3853 898 3917 tamquam
916 3846 1023 3904 ninerrtes
1044 3848 1071 3901 in
1393 3862 1413 3902 ιι
1427 3864 1461 3904 ιι
1476 3862 1647 3904 τιιιιιιιιιι.

278 3937 373 3992 mundo
386 3934 520 3991 decernitis
532 3933 643 4004 (Coloss.
657 3950 687 4005 ιι,
698 3933 764 4008 boli
779 3936 811 3991 Et
824 3936 938 4007 reliqua.
1159 3938 1214 3994 ιιι.
1224 3928 1372 3994 'Daunoni
1384 3939 1491 3993 erarius
1512 3939 1613 4006 ιιιιιι,
1636 3935 1737 4007 inquit,
1758 3932 1817 3987 mola
1835 3926 1878 3979 nili

315 4026 395 4096 liesp.
409 4025 636 4094 Perstrinqamus,
647 4033 677 4079 ιι
690 4039 843 4094 ιιιιιιιιι,
855 4026 942 4082 locum
958 4030 1072 4085 summis
1123 4032 1252 4088 ostendit:
1264 4032 1351 4085 reddet
1363 4031 1387 4084 ei
1406 4029 1529 4083 Dominus
1546 4029 1687 4083 mcnndum
1705 4040 1776 4096 opero
1791 4023 1836 4092 eju
1850 4011 1878 4078 ιΙΙ

279 4116 486 4175 obscuritatibus
500 4115 659 4172 insolutum.
677 4116 799 4187 Disputat
811 4127 905 4175 contra
918 4134 966 4175 eos
979 4122 1024 4190 qui
1038 4137 1071 4177 ex
1122 4121 1191 4178 Tim.
1199 4122 1299 4192 mli).
1311 4121 1432 4176 Etitem:
1443 4118 1569 4175 Percatiet
1575 4129 1598 4175 ιι
1606 4119 1737 4182 Dominus,
1747 4116 1821 4187 parics
1827 4109 1881 4163 tenl-

280 4209 381 4265 lndaeis
395 4207 551 4274 Christiani,
566 4208 682 4278 propriis
693 4209 891 4267 contendebant
903 4217 1073 4270 ceremoniis
1124 4217 1180 4271 bote
1191 4216 1258 4287 (ιιι.
1272 4213 1404 4285 sm11,5):
1416 4200 1862 4284 quomodolrtecintelliqendssustl

197 4363 199 4367 ,
280 4300 422 4357 inherere.
438 4298 524 4371 Supra
534 4300 606 4376 eninr
621 4300 727 4356 dixerat
741 4301 774 4357 de
789 4301 958 4374 improbabili
977 4320 1071 4361 eorum
1160 4309 1239 4378 Drap.
1254 4306 1390 4370 Percutiet
1400 4317 1438 4372 ιι,
1452 4306 1550 4377 inquit,
1570 4321 1624 4361 non
1647 4302 1783 4376 ιιιιιιίιι,
1801 4305 1824 4350 ιι
1839 4305 1879 4346 ru·

281 4392 450 4452 observantia
463 4393 490 4448 in
502 4393 557 4449 cibo
569 4401 592 4449 et
605 4402 685 4463 potu,-
697 4402 725 4451 ιι
737 4395 808 4466 quod
820 4397 959 4452 neomenia
977 4412 1071 4455 eorum
1125 4416 1184 4457 som
1196 4400 1303 4467 reddet,
1315 4413 1370 4454 noo
1382 4397 1488 4454 reddat.
1499 4397 1576 4455 Unde
1590 4397 1621 4452 lit
1632 4406 1661 4452 ut
1673 4411 1724 4450 non
1738 4403 1786 4447 tem
1797 4381 1879 4442 maiali

281 4496 307 4542 et
319 4484 422 4542 sobiam
441 4484 563 4543 umbram
586 4485 738 4542 futurorum
757 4488 938 4557 protulissent
956 4487 1025 4561 (Cot.
1042 4507 1073 4559 u,
1087 4454 1114 4517 υ
1126 4492 1212 4547 centis
1223 4490 1314 4547 animo
1327 4489 1397 4545 dicta
1420 4503 1482 4545 esse
1504 4488 1664 4551 rideantur,
1685 4499 1760 4557 quam
1780 4477 1878 4548 judium

283 4574 340 4647 ιι).
354 4575 470 4631 liorsum
484 4575 510 4630 in
524 4575 751 4646 consequentibus
764 4576 829 4633 dicit
841 4594 850 4633 s
864 4577 895 4635 Si
905 4580 1001 4636 mmtui
1014 4584 1074 4638 estis
1130 4586 1270 4655 [sciatque
1284 4585 1430 4642 vindictam
1443 4583 1635 4640 denuntiantis.
1650 4581 1714 4637 item
1726 4576 1811 4631 aliter:
1825 4562 1878 4623 itti

280 4682 340 4746 eum
357 4665 457 4721 cbristo
472 4665 503 4720 ub
515 4666 645 4721 elementis
658 4667 756 4734 nmntt,
770 4667 834 4739 quid
845 4669 930 4724 odbuc
943 4679 1074 4741 tamquam
1128 4691 1176 4745 per
1189 4675 1447 4734 adminisunninnem
1463 4673 1612 4746 prophetin
1626 4673 1735 4729 immoto
1747 4664 1825 4725 arrium
1838 4673 1868 4713 ma

281 4757 426 4813 uiuentssiu
438 4756 535 4812 mundo
555 4756 711 4814 decernitis?
729 4756 758 4812 ld
779 4768 840 4827 ιιι,
862 4759 1015 4831 dijudicatis
1034 4761 1075 4818 dt·
1128 4767 1224 4824 ledieat
1235 4765 1377 4837 prophma,
1394 4779 1423 4822 ιι
1445 4765 1530 4824 itud:
1556 4764 1726 4820 Dbsrusentssr
1741 4754 1802 4813 oculi
1816 4760 1878 4806 eet·

282 4845 384 4904 centio:
399 4845 442 4900 Ne
452 4845 593 4920 tetiqeritis,
606 4863 686 4918 neque
696 4850 869 4922 pannonicis,
884 4868 964 4923 neque
975 4865 1076 4909 contre·
1128 4851 1161 4917 ne
1172 4860 1274 4916 nidemt
1286 4859 1346 4932 (Ps.
1360 4876 1455 4927 essm,
1470 4857 1688 4931 scimusque
1704 4865 1789 4912 eorum
1805 4839 1880 4901 wili

282 4937 421 5002 senueritis,
434 4951 491 5008 que
503 4945 563 4992 sunt
574 4937 661 4994 omnio
674 4938 702 4993 irs
713 4939 884 5014 interituipso
901 4958 950 4998 usu
969 4960 1016 5000 sue
1034 4944 1077 5016 (id
1128 4953 1287 5011 depensum,
1312 4951 1382 5021 Quia
1399 4954 1482 5008 emin.
1504 4950 1683 5023 pensariensis
1705 4955 1728 5001 et
1744 4931 1880 4997 inomni·

282 5037 336 5097 ιιι,
352 5027 414 5083 dum
426 5023 598 5084 assumuntur
614 5029 772 5097 intereunt),
790 5034 931 5088 ucunduns
949 5046 1079 5109 precepto
1129 5045 1221 5116 accipit
1242 5048 1344 5117 justum
1367 5045 1451 5115 operis
1480 5052 1556 5111 utque
1582 5041 1703 5099 concedis
1730 5030 1880 5092 nerduino·

283 5126 308 5174 et
322 5117 451 5173 doctrines
466 5118 615 5174 bominum:
629 5129 758 5190 querunt
771 5122 896 5178 rationem
912 5125 1015 5195 quidem
1029 5131 1078 5181 bo·
1128 5136 1214 5209 (flet,
1230 5135 1313 5209 ,1,9),

284 5208 367 5262 bentio
388 5209 521 5279 sapientire
540 5209 568 5263 in
588 5210 768 5280 superstitione
783 5219 809 5267 et
822 5212 976 5283 burnilitote,
989 5226 1012 5270 et
1027 5233 1079 5272 non
1430 5243 1465 5282 ιι
1483 5240 1620 5284 unetos.

283 5300 319 5353 nd
334 5303 488 5371 portendunt
501 5302 615 5372 corpori.
631 5302 917 5362 Doctrinaslromiortm
928 5306 1003 5374 dicit,
1015 5311 1076 5381 quia
1166 5316 1221 5374 lm,
1232 5315 1305 5385 Quid
1319 5315 1347 5373 in
1360 5316 1412 5373 boe
1430 5317 1567 5387 sequimur·
1585 5314 1655 5386 qnod
1673 5307 1805 5382 spmmtu
1820 5299 1879 5356 Μ’

287 5403 420 5466 Dtaeteplit
435 5394 649 5464 inestimabiles
663 5395 823 5469 intelligent,
840 5400 1029 5473 precipientes
1049 5406 1076 5462 iu
1130 5405 1196 5463 Fide
1206 5405 1287 5462 tacet
1301 5408 1412 5462 moriens
1426 5408 1541 5478 sinqoios
1551 5405 1661 5475 tiliorum
1670 5386 1878 5472 Jesepb'fflt

287 5481 356 5550 leqe,
372 5482 503 5553 {imbibita
517 5501 571 5542 non
585 5489 759 5543 manducari:
773 5488 821 5545 sed
836 5490 902 5559 boe,
926 5492 996 5549 sieut
1020 5495 1078 5565 ipse
1129 5507 1153 5553 ιι
1165 5498 1279 5554 ederunt
1292 5497 1424 5569 {euiqiuns
1433 5499 1511 5569 oirqe
1525 5500 1581 5570 ejus
1595 5496 1675 5566 (liei.
1689 5510 1727 5562 ιι,
1739 5489 1800 5560 illl

289 5572 437 5644 subjungit,
450 5576 478 5631 in
492 5580 683 5649 superstitione
694 5589 722 5637 et
738 5581 889 5641 bumilitate
901 5599 1078 5659 supervacua,
1123 5609 1130 5620 ’
1168 5591 1246 5660 liesp.
1268 5591 1373 5659 sceptri
1393 5590 1552 5659 significatio
1568 5600 1610 5644 est
1627 5584 1771 5657 accipiends
1789 5569 1880 5648 peti?-

291 5668 318 5711 ‘¹
330 5657 356 5714 5¹¹
371 5666 491 5732 ⁰⁰ii⁰¹l³
505 5667 660 5739 ²ffl5⁶¹l⁰¹¹02
675 5671 719 5728 ⁰¹¹1
734 5673 941 5747 utiquennrpnnl
953 5695 1006 5737 nou
1018 5697 1078 5753 par·
1130 5700 1202 5755 goin,
1218 5693 1244 5737 et
1255 5698 1303 5753 per
1319 5682 1372 5739 boe
1387 5684 1461 5756 regni
1479 5684 1671 5754 potestatisque
1682 5677 1802 5749 fastigium
1812 5670 1877 5732 itt·e
