4009 6184
84 356 93 369 ,
182 327 216 386 tt
851 322 993 383 toaomts
1011 321 1168 381 cessrunt
1787 340 1819 389 u,

164 426 168 435 ’
182 455 195 485 ·
207 442 419 514 eputttuntote,
440 440 587 511 maenium
606 437 798 496 scelestarum
818 453 934 510 repoee,
949 448 976 495 et
989 439 1016 501 Α
1029 435 1056 492 iu
1069 434 1203 493 Trinitate
1221 435 1398 492 eubstantiae.
1411 436 1558 495 Eunomlus
1571 449 1663 497 autem
1676 454 1738 515 post
1752 446 1823 504 boue

181 545 329 591 ιιιιιιιιιι
356 533 434 589 bone
458 530 522 586 bdei
542 527 651 600 inopem
680 528 771 585 tribuli
796 528 974 601 pullularunt.
1026 525 1152 599 quidem,
1180 527 1227 582 sed
1255 526 1376 596 eiusdem
1395 527 1541 584 admodum
1563 531 1822 602 provintialium

181 627 305 693 Quorum
319 624 421 695 primes
440 621 557 686 liebion,
573 620 637 675 dum
654 619 871 675 incarnationem
883 620 975 676 brimi-
1027 616 1144 672 similem
1157 617 1208 672 sibi
1222 616 1340 673 diuinam
1354 632 1415 674 esse
1425 619 1543 674 asseruit
1553 618 1823 693 Trinitatemdtmu.

185 718 272 771 uticem
297 714 377 770 nitriis
400 712 512 778 asserit,
537 711 690 766 diuinitatis
702 724 762 766 mm
785 711 976 779 coniunctione
1027 721 1085 762 sum
1102 716 1220 763 tattaeus
1241 709 1329 779 seipsa
1344 723 1405 764 esse
1418 710 1570 774 contendit,
1586 712 1732 773 admittens
1745 721 1822 775 simi·

182 808 304 865 nudauit.
315 805 425 863 sabellii
437 815 526 860 autem
539 813 599 874 post
611 802 683 859 bunc
692 801 746 859 ber
755 803 976 859 dissimilitudine
1029 797 1182 864 libidinem,
1194 798 1343 867 secludens
1355 799 1526 868 probitatem.
1536 802 1825 878 Macedouittequoque
1872 872 1877 881 1

183 901 320 956 luereseos
343 897 493 967 superioris
513 896 631 952 scirisma
657 909 853 968 prorumpens,
870 897 933 951 dum
948 897 976 951 lo
1029 891 1225 948 irremediabili
1240 892 1266 947 in
1282 892 1414 963 Spiritum
1438 904 1563 951 sarnetum
1586 896 1726 966 impietate
1749 901 1824 958 blas·

182 992 263 1048 Patre
278 1004 311 1045 ac
333 989 402 1045 Filio
417 997 444 1042 ct
465 988 569 1057 Spiritu
585 998 680 1042 sancto
700 986 857 1043 distantiam
871 987 974 1042 nullam
1028 981 1172 1053 phemone,
1182 983 1246 1038 licet
1255 983 1377 1053 ejusdem
1393 984 1669 1043 subsinuataeraueu
1684 989 1823 1047 etlilium

182 1098 244 1139 ease
265 1079 416 1141 contendit,
434 1092 539 1133 sacram
565 1087 593 1134 et
614 1077 779 1133 inedibilem
802 1078 975 1147 Trinitatem,
1026 1074 1136 1140 ditarit,
1151 1086 1277 1132 sanctum
1294 1085 1384 1132 tatrien
1398 1078 1530 1148 Spiritum
1546 1089 1696 1136 creaturam
1711 1098 1823 1150 rucene,
1863 1132 1865 1134 ,

179 1182 312 1244 quantum
327 1172 353 1226 in
368 1171 428 1239 ipso
443 1167 508 1235 luit,
526 1169 683 1239 luinspbema
698 1169 858 1227 conlusione
872 1171 975 1240 permi·
1026 1180 1090 1223 teus
1101 1169 1184 1223 totius
1199 1168 1351 1224 [lirinitatis
1365 1168 1427 1235 lull,
1443 1173 1504 1238 uuio
1520 1172 1579 1227 lardi
1592 1174 1618 1228 in
1633 1173 1764 1231 titutum
1774 1178 1825 1233 all·
1897 1170 1898 1173 ’

179 1265 262 1320 scuit.
272 1262 369 1321 Secttta
383 1261 530 1317 estdaimle
541 1261 699 1330 buncqoern
713 1261 829 1316 diximus
844 1262 975 1317 ⁰tlrlatiae
1027 1260 1092 1332 quid
1106 1275 1161 1315 non
1177 1268 1265 1331 potest
1278 1263 1336 1316 sine
1348 1263 1430 1317 totius
1441 1262 1580 1319 Trinitatis
1590 1266 1696 1335 injuria.
1710 1268 1824 1326 Fotinus

184 1354 370 1426 perversitatis
384 1353 529 1423 impietas:
545 1368 604 1423 quie
618 1366 651 1406 ue
667 1354 804 1409 uideretur
818 1367 910 1409 sacras
926 1354 976 1409 mi·
1028 1360 1117 1406 autem
1134 1353 1284 1422 ‘uitiatoris
1304 1351 1407 1416 lesum.
1425 1355 1471 1422 qui
1485 1369 1518 1409 ex
1545 1354 1654 1425 Virgine
1668 1365 1746 1414 ualuis
1769 1366 1822 1427 est,
1902 1348 1908 1359 ’

183 1461 259 1504 mere
272 1458 414 1517 mmooas,
432 1443 553 1500 diversas
567 1458 630 1501 esse
651 1443 719 1499 dixit
732 1454 813 1515 atoue
827 1444 975 1500 dissimiles
1027 1447 1111 1502 buum
1126 1448 1241 1511 dixerit,
1255 1448 1327 1504 male
1341 1457 1431 1505 tamen
1447 1447 1459 1488 l
1479 1465 1541 1506 cum
1557 1450 1691 1523 principia
1705 1453 1824 1512 bominis

720 1538 846 1595 iblliilll
865 1538 981 1595 dotat
1001 1540 1276 1598 coutitubtabttls

184 1642 258 1694 enuit.
272 1637 324 1693 liic
336 1639 460 1709 oriplnem
472 1653 489 1691 e
502 1634 690 1698 Sirmiodnait,
702 1643 726 1689 et
738 1633 978 1701 qoaodoe'zooium
1029 1635 1126 1690 initialia
1147 1636 1375 1691 haeresiarcharum
1393 1652 1403 1691 .·
1424 1645 1528 1705 propter
1546 1652 1623 1709 attunt
1642 1655 1747 1696 caerem
1767 1641 1825 1716 lapi

185 1712 212 1765 io
221 1711 346 1764 muudum
360 1708 465 1771 intuerit,
475 1708 544 1774 quod
556 1704 714 1778 ,temnuntur
727 1704 870 1758 Constantii
881 1705 978 1771 [uolunt
1030 1722 1121 1776 praees
1145 1707 1176 1760 ab
1199 1707 1323 1775 aponum
1345 1708 1471 1761 nominati
1484 1718 1542 1761 seul
1557 1710 1632 1773 (olel.
1656 1726 1689 1765 sn
1701 1713 1710 1779 )
1723 1730 1730 1766 ε
1744 1715 1824 1768 immo

185 1791 233 1845 est,
249 1783 387 1849 urpnelrtu:
401 1779 428 1832 in
442 1779 495 1831 uita
509 1779 677 1846 superfuisti
697 1775 798 1845 syuodo
818 1773 979 1828 Oeciilutttali
1030 1777 1107 1840 iidem
1130 1789 1260 1843 nostram,
1279 1777 1341 1831 duuu
1365 1778 1413 1832 eibi
1435 1778 1613 1843 advertantur,
1633 1780 1771 1851 affirmari.
1790 1785 1824 1840 Ει

185 1852 213 1904 in
232 1850 342 1905 Serdica
353 1865 399 1902 cau
418 1859 506 1917 repara
517 1848 650 1901 subuersas
668 1845 699 1898 ob
713 1861 768 1898 earn
798 1861 856 1898 uotn
870 1845 979 1899 euomuit
1032 1846 1149 1899 liilarius
1167 1847 1186 1901 l.
1208 1862 1244 1901 stt
1266 1847 1444 1902 tle‘iriuitate
1468 1864 1475 1899 ι
1496 1845 1649 1903 iiicousone
1667 1853 1826 1922 perfidorum

178 1919 378 1991 blasphemium.
392 1866 489 1972 iecerit
498 1927 583 1970 atatem
598 1917 639 1970 luia
652 1916 684 1968 ab
699 1916 773 1968 initio
781 1862 913 1968 ilirietum
927 1930 979 1967 non
1030 1917 1162 1970 sententie
1181 1918 1208 1971 in
1227 1934 1307 1970 uttam
1333 1927 1409 1971 rectae
1428 1918 1490 1978 ndei
1508 1917 1644 1972 modulatu
1665 1924 1826 1991 ronriuuu.t,·

154 2012 159 2024 ·
177 2006 251 2055 esee,
263 1986 509 2050 ueruntaldoria,et
522 1986 744 2055 bucusqueipsum
755 1985 916 2049 existerem
927 1997 980 2045 one
1031 1995 1204 2058 uapettutaae
1217 1996 1315 2043 nostrae
1335 1988 1458 2047 nictantur,
1476 2002 1565 2040 aarum
1589 2005 1664 2043 caeso
1683 1993 1826 2048 euteruiare

186 2060 303 2128 spirituo
318 2067 432 2121 sanctus,
445 2057 539 2122 itiunil,
553 2056 696 2121 superuenit
710 2055 738 2106 in
750 2055 834 2124 ipsum
843 2064 869 2108 et
878 2055 978 2121 penitus
995 2041 1016 2099 Β
1030 2057 1150 2126 piperni.
1163 2057 1273 2111 sabellii
1290 2060 1359 2111 etaim
1373 2057 1482 2130 perfidie
1497 2058 1553 2110 ilril
1572 2059 1677 2113 doemunt
1699 2078 1823 2129 errorem,

180 2139 225 2185 est
239 2146 271 2184 etr
284 2129 386 2197 Spiritu
399 2137 497 2181 sancto.
515 2126 579 2180 liure
593 2125 770 2192 Eruipbunius.
789 2125 870 2178 nolit
894 2124 980 2180 Sauro·
1029 2138 1119 2181 rursus
1131 2127 1221 2181 Ariani
1232 2129 1358 2199 dapmatis
1368 2143 1439 2182 error
1446 2127 1555 2183 sabellii
1569 2130 1723 2198 implumem
1736 2133 1824 2187 escle.

187 2212 281 2255 mentre
296 2197 365 2270 (bila.
387 2212 413 2252 tt
426 2212 484 2265 cap.
495 2194 536 2262 δι,
551 2194 695 2249 Pitotinuut
711 2206 762 2246 non
786 2203 889 2248 tantum
905 2194 980 2248 Pauli
1030 2198 1079 2258 dit,
1096 2198 1133 2249 nit
1149 2197 1261 2255 iioiitus
1276 2209 1377 2268 tiuortyr
1388 2202 1431 2265 otti
1446 2199 1497 2252 bute
1510 2200 1699 2265 organicorum
1714 2206 1825 2273 copioso

180 2270 372 2331 Samosatam,
388 2266 437 2323 sed
452 2264 572 2320 tlcritutbi
591 2275 618 2319 et
635 2262 746 2317 Ebionis
767 2262 909 2317 damnatae
923 2263 980 2316 lte·
1030 2275 1127 2320 tractat
1148 2267 1227 2337 (lib.
1249 2283 1268 2321 tt
1284 2278 1308 2321 et
1329 2282 1366 2331 tv,
1380 2276 1470 2320 contro
1485 2267 1595 2339 Erutprlt.
1606 2270 1625 2337 l.
1646 2272 1723 2337 Quod
1738 2273 1761 2327 si
1777 2273 1826 2329 211.

186 2355 263 2395 reses
275 2337 575 2394 decbristorestituere
588 2344 669 2403 atoue
680 2335 977 2388 instaurarecuuutum.
1030 2337 1137 2402 quietudo
1152 2342 1223 2391 litter
1236 2352 1266 2390 se
1278 2339 1448 2392 coureriiaut.
1461 2337 1487 2390 id
1500 2340 1607 2392 datiuum
1616 2340 1824 2413 etlicitttr‚quiod

181 2410 263 2479 Qttotl
279 2407 412 2463 etbeatns
435 2406 627 2475 Hieronymus,
652 2415 781 2464 attuatttnm
807 2402 841 2456 ati
861 2403 979 2457 <Silianis
1030 2405 1194 2460 Athanasius
1213 2409 1296 2459 soritit
1320 2416 1416 2460 contra
1437 2406 1569 2476 Ari-unas,
1594 2421 1662 2463 orat.
1686 2412 1713 2474 9.
1739 2404 1845 2470 ἰιιιιιι“
1919 2456 1926 2473 ,

189 2480 313 2535 bereum
336 2478 447 2534 attinet.
466 2477 609 2529 eoiuilrrnnt
629 2473 702 2541 (lib.
726 2474 758 2528 de
772 2472 860 2544 Srrtp.
876 2471 977 2527 Ecaten
1030 2473 1144 2527 llerudis
1158 2487 1184 2529 et
1199 2476 1277 2530 Pilati
1294 2477 1321 2530 in
1345 2475 1526 2545 blasphemias
1539 2478 1668 2534 aduersus
1687 2478 1824 2539 Christum

180 2551 216 2604 iu
226 2548 338 2603 Plotina
349 2557 372 2602 et
385 2548 411 2601 in
426 2544 508 2613 Epist.
524 2546 559 2599 ad
573 2543 659 2600 Galot.
672 2559 696 2597 a.
708 2543 739 2611 t),
754 2558 786 2599 er
797 2546 895 2612 quilius
905 2551 981 2613 putot
1029 2546 1195 2601 consentire.

187 2620 332 2675 Pbotinum
343 2633 404 2674 curo
417 2617 521 2672 Eblana
534 2624 561 2670 et
575 2615 635 2670 aliis
649 2613 838 2670 lateresiarcltis
853 2613 979 2668 docuisse
1068 2623 1079 2654 ι
1096 2615 1173 2669 Libat
1200 2615 1242 2671 iiie
1261 2613 1377 2670 alierum
1392 2622 1420 2669 et
1443 2613 1505 2668 ltuic
1527 2615 1644 2670 similem
1669 2621 1823 2691 catalogum

186 2691 324 2745 Christum
345 2702 407 2746 esse
425 2701 519 2756 purum
543 2685 692 2749 bominem,
715 2699 767 2739 nea
789 2696 852 2740 aitte
866 2684 978 2741 liariam
1030 2685 1170 2740 baresuou
1182 2702 1196 2739 o
1208 2686 1508 2743 S.l.couecoutextum
1521 2687 1668 2747 ascribere,
1683 2701 1713 2743 ut
1725 2694 1824 2746 utrius·

180 2760 336 2816 exstitisse.
363 2760 402 2815 ile
431 2755 530 2813 diuinis
557 2758 620 2812 ilem
651 2754 773 2823 personis
802 2755 875 2811 idem
905 2753 979 2827 quod
1029 2770 1083 2826 quie
1096 2757 1253 2821 collatione,
1269 2765 1341 2809 totus
1356 2755 1399 2809 bie
1414 2757 1487 2808 loom
1502 2758 1586 2824 uirgis
1601 2757 1761 2815 illustretur.
1777 2763 1824 2819 Sic

188 2831 289 2885 Patulus
302 2831 494 2885 Samosatenue
507 2841 540 2882 ec
558 2825 702 2893 sabellius,
725 2840 859 2894 nonnique
876 2835 978 2880 tantuin
1030 2828 1103 2881 enim
1119 2826 1176 2895 ipso
1191 2836 1304 2881 caeteras
1321 2826 1439 2879 liaarcses
1453 2825 1487 2878 do
1501 2825 1610 2880 ebriam
1624 2842 1685 2882 cunt
1701 2844 1752 2884 iutra
1769 2832 1825 2886 lla·

185 2901 375 2969 operationem
401 2898 508 2963 Patris,
536 2905 563 2951 et
594 2895 671 2962 Filii,
701 2904 731 2950 et
755 2896 870 2964 spiritus
893 2897 980 2952 sancti
1030 2896 1823 2966 nicbmorumltrercsicoiitpmumeiqueopponeuauiliuv,

182 2987 249 3027 esse
261 2973 387 3027 docuisse
411 2968 493 3025 tradit
514 2967 703 3024 'lbeotloretue
716 2966 725 3037 (
736 2965 773 3018 De
794 2964 862 3020 Feb.
877 2966 979 3022 lieret.
1031 2967 1118 3035 loquo
1132 2967 1231 3038 (Serm.
1246 2966 1264 3019 l
1284 2967 1316 3018 de
1331 2965 1419 3019 Natio.
1438 2964 1504 3018 bam
1519 2969 1539 3035 ),
1561 2965 1683 3026 lereres.
1700 2971 1758 3024 licet
1773 2989 1825 3026 ma-

185 3042 234 3096 tib.
250 3041 297 3113 ιι),
312 3040 383 3111 quioil
408 3039 550 3095 conssrmat
573 3039 700 3092 Socrates
723 3034 794 3103 (Lib.
810 3051 818 3091 t
834 3036 906 3091 Hier.
921 3053 978 3109 cap.
1030 3038 1081 3090 rito
1094 3052 1182 3091 autore
1194 3038 1223 3090 in
1236 3054 1285 3092 etto
1301 3037 1466 3103 peruersitate
1480 3039 1635 3092 doniuaudae
1648 3038 1714 3103 siut,
1729 3041 1826 3096 labeus

180 3113 252 3179 ib),
273 3113 401 3182 abicique
416 3111 443 3165 itt
457 3109 574 3165 concilio
597 3107 740 3165 Sirmiensi
757 3106 842 3164 inisse
869 3107 981 3162 dnmua·
1031 3115 1115 3162 tomen
1138 3108 1290 3178 mapaloet'u
1308 3108 1395 3169 eliqua
1413 3123 1460 3159 etta
1478 3118 1570 3176 parte,
1587 3111 1656 3172 quod
1670 3125 1757 3164 nerum
1775 3125 1824 3168 cst.

181 3194 246 3236 'ium
262 3181 366 3237 scribil.
623 3212 631 3228 ·
1031 3179 1109 3232 Arius
1130 3177 1179 3231 Dei
1195 3176 1294 3230 Filium
1317 3178 1440 3230 minorem
1455 3173 1535 3230 Patre
1549 3186 1573 3231 et
1593 3190 1737 3233 creaturam
1761 3181 1826 3251 dali-

225 3262 239 3290 ⁸
251 3252 429 3323 apollinaris,
444 3249 488 3305 rei
503 3248 685 3318 Apollinarium
696 3253 733 3318 (e
748 3262 802 3316 otte
818 3247 981 3317 Apollinari·
1031 3249 1116 3315 nicus,
1131 3258 1156 3303 et
1170 3247 1204 3301 ab
1219 3248 1308 3301 eodem
1322 3248 1389 3300 inter
1403 3247 1489 3300 ananie
1503 3260 1616 3299 crearem
1632 3260 1725 3312 pratens
1739 3250 1826 3321 Spiri-

188 3332 249 3390 atu,
271 3323 316 3378 nel
332 3321 505 3391 Apollinarii)
521 3320 687 3374 Laodicenos
707 3321 910 3388 granumaticus,
927 3321 982 3385 pri·
1032 3326 1087 3371 tom
1102 3329 1228 3381 sunctum,
1243 3333 1338 3388 utapro
1352 3317 1482 3382 iutrpietale
1503 3335 1529 3378 ee
1548 3320 1677 3385 radidit,-
1696 3324 1741 3374 red
1755 3338 1825 3376 sauir·

183 3409 262 3447 ntntn
275 3394 441 3453 cetltolicns,
457 3401 484 3447 et
495 3405 598 3460 maguae
613 3391 683 3442 iuter
693 3388 842 3444 carbolieos
856 3391 975 3444 attctturi·
989 3396 1013 3458 c
1028 3390 1154 3462 pireneum
1178 3398 1255 3450 atoue
1275 3387 1510 3441 {iucommutabilem
1535 3388 1673 3458 deitatem,
1697 3407 1774 3454 onam
1797 3392 1825 3450 itt

190 3463 274 3534 tatis(
288 3462 386 3516 Batou.
401 3471 464 3515 tout.
481 3459 526 3523 lv,
542 3477 586 3513 otu.
603 3459 655 3516 ste
671 3469 694 3512 et
707 3475 734 3512 ιι
752 3457 797 3528 .);
814 3468 875 3528 posi
891 3457 977 3514 iture·
1035 3457 1171 3513 Trinitatis
1186 3459 1284 3513 unitate
1294 3473 1345 3511 nan
1359 3456 1433 3522 et'elit,
1446 3459 1472 3509 in
1489 3455 1575 3512 l’utrt'e
1588 3462 1700 3515 essentie
1714 3477 1765 3514 nen
1780 3478 1826 3516 ne-
1865 3516 1872 3529 ‚

187 3535 259 3588 sicus
273 3535 372 3599 lectrts,
384 3540 410 3585 et
426 3529 636 3592 condemnatus,
650 3529 720 3598 quood
759 3528 852 3582 erbtnn
873 3528 921 3583 llcl
934 3529 982 3585 do·
1032 3530 1112 3599 pouit.
1129 3528 1296 3582 linaedouiue
1309 3543 1326 3580 a
1340 3527 1438 3581 lumine
1451 3527 1564 3580 ueritatis
1577 3527 1689 3598 alicnus,
1702 3532 1826 3589 diuinitu-

185 3612 264 3658 cenet
286 3602 424 3668 accepisse
452 3615 562 3655 caruem
589 3602 732 3653 lturnmiom
765 3600 867 3669 absque
890 3602 981 3655 anime
1033 3610 1084 3654 tem
1099 3599 1181 3653 murti
1195 3598 1311 3663 Spiritus
1324 3613 1376 3650 tran
1389 3599 1561 3668 recepit,·sed
1574 3597 1601 3651 iu
1623 3598 1702 3655 Patre
1716 3614 1739 3655 et
1754 3598 1825 3657 Filio

191 3673 332 3741 rationein
346 3672 452 3727 tlitioas
467 3684 594 3740 personas
609 3682 671 3724 esee
683 3669 840 3735 ittmuuales,
855 3683 980 3737 magstrum
1032 3685 1110 3722 enam
1126 3671 1265 3737 potentiane
1279 3678 1303 3721 et
1324 3668 1440 3721 eamdent
1464 3668 1597 3736 consessus
1616 3680 1653 3723 eet
1672 3687 1726 3726 esee
1745 3681 1825 3726 natu·

84 3790 90 3803 ,
190 3742 316 3799 uidelicet
332 3756 394 3799 esse
412 3742 541 3813 Spiritum
563 3751 703 3804 sattcttttu,
726 3738 856 3803 majorem
872 3737 979 3808 Filium,
1031 3746 1100 3793 ratu,
1117 3738 1248 3792 sabellius
1259 3737 1446 3805 rueeptmiubu'b·
1459 3753 1544 3790 errore
1557 3741 1694 3807 corinnae,
1707 3743 1826 3797 uirtutem

186 3815 338 3875 anaxitnam
350 3811 642 3882 PamcmAEpipbenius
653 3809 748 3866 berei
759 3808 981 3881 mmeramme
1031 3808 1182 3864 substantie
1196 3810 1223 3861 iu
1244 3804 1340 3874 Patre,
1356 3814 1380 3860 et
1394 3803 1481 3867 Filio,
1499 3817 1523 3860 et
1538 3806 1640 3874 Spiritu
1654 3821 1743 3864 serrato
1757 3812 1826 3871 iure·
1848 3876 1850 3878 V

184 3884 287 3939 burrei
303 3884 348 3948 bb,
364 3884 419 3939 Leo
433 3898 513 3951 snpra
526 3883 634 3937 citatus.
1032 3879 1173 3949 parabilem
1192 3879 1314 3943 sentiens,
1338 3877 1407 3945 quod
1424 3878 1568 3944 equalitati
1592 3880 1703 3935 tribuere
1725 3881 1824 3949 debuit,

226 3952 365 4010 lSabeilii
379 3954 503 4007 barusim
518 3967 550 4008 oe
570 3954 687 4006 eelristna
709 3965 743 4007 es
763 3949 981 4009 dissimilitudine
1031 3948 1207 4022 singularitati
1217 3948 1309 4014 dedit,
1322 3957 1346 4001 rt
1357 3962 1415 4000 cnut
1425 3963 1510 4001 reram
1522 3947 1826 4023 Triuitotumiutellipere

183 4038 240 4077 eeu
260 4022 452 4078 contrarietate
466 4021 601 4075 ltacreaeoe
612 4021 770 4089 superioris,
787 4036 884 4089 neutpe
899 4022 981 4077 libio·
1030 4036 1082 4074 nou
1098 4019 1203 4085 uariaret,
1218 4034 1297 4073 auam
1309 4019 1475 4087 eamdemque
1489 4019 1597 4072 credidit
1611 4020 1658 4073 sab
1673 4020 1769 4090 triplici
1778 4040 1826 4089 ap·

186 4095 320 4159 nimbum,
344 4090 511 4160 prorupisse,
535 4091 560 4145 id
583 4098 635 4152 est,
650 4089 809 4154 eruereisse,
826 4090 868 4145 uel
889 4101 980 4148 ortum
1031 4084 1824 4162 pettotlouepereouuu.Puuauuinutricantuteueceomi,

192 4162 330 4230 babuisse,
344 4161 425 4229 dicil;
436 4159 574 4230 quiscum
585 4159 719 4214 Ebioniue
732 4158 868 4213 cortuum
884 4174 980 4229 porum
1030 4161 1059 4212 iu
1081 4159 1184 4216 Cbrieta
1197 4175 1304 4225 omnm,
1319 4167 1343 4213 ιι
1362 4159 1512 4213 subtsantiae
1526 4172 1618 4214 uestrae
1638 4164 1768 4230 eonieseas
1788 4174 1825 4218 eet

187 4233 329 4289 bominem
340 4239 504 4294 ιιιιιιιιιιι,
521 4245 556 4285 ne
566 4228 733 4284 divinitatem
755 4225 903 4284 lnilbrlsto
918 4244 981 4297 pas·
1031 4229 1171 4297 mmiunu,
1184 4232 1229 4283 ted
1243 4229 1360 4285 murem
1374 4227 1459 4285 Deam
1477 4228 1510 4285 de
1526 4227 1582 4284 lieo
1594 4241 1654 4284 aute
1666 4235 1753 4288 ouruie
1773 4250 1824 4289 se-

185 4314 249 4357 eum
264 4303 408 4358 admittere
420 4300 585 4365 riderentur,
600 4298 675 4355 bier
690 4297 805 4355 aduerso
819 4299 861 4365 (ut
879 4299 982 4356 abillis
1031 4299 1091 4352 cele
1110 4301 1225 4369 penitam
1238 4315 1294 4354 eree
1308 4316 1360 4354 uon
1373 4301 1494 4355 credidit.
1510 4299 1672 4370 Apollinaris
1690 4305 1751 4371 licei
1762 4305 1825 4358 eoll-

191 4368 627 4444 tembsbuerecederent)uuum
643 4367 740 4432 Patris,
752 4379 779 4424 et
792 4366 864 4428 Filii,
878 4377 906 4425 el
920 4368 982 4438 spi·
1030 4368 1112 4421 ditate
1126 4371 1253 4436 priamus,
1271 4367 1373 4423 Filiam
1391 4369 1439 4423 liei
1451 4371 1490 4425 ite
1503 4386 1588 4425 reram
1606 4375 1726 4430 bermone
1739 4374 1824 4429 carnis

187 4442 260 4513 ritus
274 4442 359 4499 suomi
367 4455 517 4514 penum
531 4438 733 4505 antiocenum:
747 4439 820 4495 unde
832 4439 898 4495 illati
914 4453 982 4497 eun·
1031 4438 1142 4492 eredidit
1160 4453 1234 4492 tetre
1252 4438 1302 4494 isse
1320 4448 1455 4503 emerem,
1471 4448 1499 4492 tut
1517 4439 1546 4493 iu
1568 4440 1616 4494 illa
1634 4457 1711 4498 earne
1728 4445 1824 4498 diceret

191 4514 367 4582 sequebatur,
380 4523 410 4568 ut
421 4511 492 4568 sicul
503 4509 602 4575 filium
616 4511 654 4564 lta
667 4520 695 4565 et
707 4507 803 4576 Pater,
817 4518 846 4565 et
865 4508 981 4580 Spiritus
1030 4509 1147 4563 enimam
1160 4523 1211 4561 uon
1223 4455 1311 4579 iisse,
1322 4512 1384 4574 quie
1397 4510 1475 4561 uicem
1490 4511 1546 4579 ejas
1560 4510 1698 4577 expleuerit
1711 4511 1770 4582 ipse
1782 4512 1825 4566 el·

188 4594 301 4639 eructas
312 4583 347 4639 ab
360 4582 400 4639 als
414 4595 491 4652 eque
506 4580 659 4637 dicerentur
667 4580 859 4651 (pnubscelusi
872 4581 882 4651 l
893 4582 982 4636 lucar·
1029 4579 1134 4634 eiuitar.
1146 4576 1206 4633 lior
1219 4580 1308 4642 made,
1318 4578 1341 4634 ri
1351 4592 1451 4641 omues,
1461 4592 1526 4648 erae
1535 4579 1662 4633 cuttiuttee
1672 4580 1738 4649 fider
1749 4582 1824 4636 euu-

191 4651 287 4709 ttetiet
302 4651 384 4723 paesi.
397 4650 445 4708 Sic
455 4650 581 4707 hereses
596 4651 731 4719 plamone
745 4651 895 4707 extumum
910 4650 981 4707 alte·
1030 4659 1092 4713 nat,
1106 4657 1276 4704 scrutentur
1290 4662 1405 4709 memes,
1419 4650 1446 4701 in
1460 4647 1519 4701 eliis
1537 4658 1614 4717 atque
1626 4648 1686 4705 eliis
1700 4652 1823 4719 ᾳιίιιιιιιι

189 4725 249 4778 rins
267 4724 402 4779 itareecos
416 4721 478 4792 lupa
491 4731 520 4778 et
532 4721 710 4777 insectatione
723 4721 828 4777 sinite
842 4722 980 4793 leguntur,
994 4720 1169 4819 ὓιιιιιιιίιιιι,
1183 4718 1252 4785 qaue
1265 4736 1281 4773 a
1295 4716 1481 4800 damnabilibus
1493 4719 1574 4787 poerit
1589 4719 1703 4789 ebionei.
1719 4718 1753 4775 lu
1763 4720 1823 4778 ltu·

190 4803 221 4848 ut
240 4792 276 4850 tle
295 4792 360 4849 tuo
383 4800 551 4862 compertum
576 4801 634 4857 cst,
652 4791 697 4859 ani
719 4790 830 4848 sabetbt
852 4806 980 4860 personas
1030 4790 1191 4845 elaborarent
1211 4796 1299 4844 autern
1311 4785 1491 4843 scelestissimo
1504 4789 1623 4859 deputate
1638 4807 1744 4861 pressus
1757 4791 1823 4847 nibil

191 4862 386 4920 eortiundeutis
402 4862 475 4932 odio,
491 4862 518 4918 io
532 4868 635 4918 nature
648 4860 852 4918 distinctionem
866 4863 978 4919 incidit:
1032 4869 1070 4914 eet
1088 4859 1157 4933 quod
1174 4874 1207 4913 ee
1220 4859 1275 4912 alla
1294 4867 1368 4932 parte
1380 4859 1462 4928 partit
1481 4859 1613 4914 tolerabile
1625 4862 1754 4932 judicari.
1769 4860 1824 4916 lle·

192 4947 220 4988 et
243 4933 276 4988 de
291 4934 454 5006 Etrtyebete,
474 4934 519 4999 aui
545 4931 661 4989 Nestorii
682 4947 803 4989 remrein
823 4932 937 5006 lugiens,
953 4934 980 4989 la
1032 4930 1334 4986 eterieeeeuctusbco.
1405 4964 1408 4969 -
1755 4990 1756 4995 ,

193 5013 348 5059 patinarum
371 5004 559 5061 comminuam
580 5002 712 5069 incurrit,
728 5019 809 5060 uuam
830 5004 857 5059 in
872 5003 982 5060 Christo
1069 4998 1085 5038 ὅ
1108 5000 1272 5071 llcpnsseare
1293 5001 1336 5057 bis
1357 4999 1450 5056 serbis
1467 4999 1576 5056 ridetur
1590 4999 1621 5059 S.
1641 5000 1821 5072 lugttstinue,

193 5084 317 5130 tietmaro
334 5074 467 5131 edtuabus
487 5071 630 5129 eminatam
647 5075 825 5146 constitueris,
839 5082 869 5131 ut
887 5075 921 5132 de
931 5074 983 5131 bu·
1029 5070 1089 5128 'nisi
1108 5072 1178 5126 lianc
1192 5070 1402 5128 similituninem
1417 5086 1478 5126 aum
1494 5086 1589 5137 troarne
1604 5071 1824 5130 dissimilitudine

188 5143 309 5212 jusmodi
321 5144 482 5201 nteritodiei
493 5143 597 5216 possit:
1036 5142 1211 5212 corijuoctam
1231 5142 1381 5213 intelligas.
1402 5142 1447 5197 Sic
1469 5143 1542 5199 enim
1566 5141 1625 5212 ipse
1648 5144 1743 5199 berasi
1764 5143 1822 5199 bi:

152 5282 161 5289 -
252 5242 857 5311 unum
1038 5209 1824 5352 ιιιιιιιιιιιι,ιιιιιιιιιιιι

194 5345 259 5402 inde
272 5361 519 5419 maureconem
539 5357 591 5416 est,
606 5348 677 5420 quod
691 5363 707 5404 a
720 5350 843 5407 Patribus
854 5350 982 5422 predica·
1035 5371 1151 5410 assereus
1164 5352 1273 5420 Filium,
1285 5363 1310 5409 ιι
1319 5350 1390 5407 Filio
1404 5352 1424 5408 S
1445 5354 1531 5407 iritum
1543 5365 1669 5411 rouretum.

195 5425 249 5483 tur,
267 5415 455 5474 hereticorum
476 5421 547 5476 inter
561 5432 592 5474 se
608 5434 710 5490 pugnas
726 5435 758 5477 ac
771 5421 897 5487 dissidia,
913 5438 983 5491 prm-
1072 5434 1085 5462 ι
1103 5425 1162 5479 Νοιι
1173 5432 1287 5508 apparet
1300 5438 1333 5479 ex
1356 5370 1517 5493 Epipianio,
1533 5423 1698 5497 llieronymo
1708 5434 1733 5480 et
1746 5423 1823 5489 aliis,

194 5488 285 5540 ulmae
302 5502 363 5543 esee
381 5489 510 5546 Ecclesiae
529 5490 670 5547 ostbuttce
689 5491 814 5547 uictorias
825 5503 854 5547 et
868 5502 980 5562 tropea.
1033 5494 1105 5564 noue
1120 5490 1253 5550 Photinus
1270 5492 1362 5550 lesum
1386 5492 1470 5550 ileum
1493 5495 1637 5551 conl‘essus
1651 5496 1752 5561 inerit,
1775 5494 1823 5549 sed

194 5554 376 5612 Sic-lustinus
396 5558 498 5632 ilartyr
520 5562 673 5631 quesnone
691 5560 709 5614 l
728 5562 761 5615 ud
787 5561 953 5619 ortbudoros
971 5578 979 5618 :
1035 5564 1320 5636 potinscoouartum,
1332 5574 1361 5619 ut
1373 5579 1405 5619 er
1420 5564 1499 5619 dictis
1510 5576 1596 5635 patu·t;
1612 5565 1663 5621 uisi
1676 5566 1758 5618 bearn
1773 5564 1824 5617 ian·

197 5625 406 5695 bernelmum,
429 5644 488 5685 caru
511 5634 633 5686 daueueut
657 5632 770 5687 lucretlei
784 5632 831 5686 elii
853 5634 934 5700 otios,
949 5634 981 5690 ab
1033 5636 1148 5706 proprie
1166 5644 1195 5692 et
1217 5636 1356 5709 aequivoce
1376 5638 1589 5706 nuncupaverit,
1619 5644 1649 5690 ut
1667 5634 1713 5689 ulii
1737 5633 1825 5689 litere·

195 5698 347 5763 ipiiiiauuuu
361 5698 548 5763 dissensiones,
561 5704 722 5775 suspicaret
737 5711 775 5756 est
795 5718 982 5759 amorreorum
1032 5704 1091 5762 tici.

195 5766 304 5826 ιιιιιιι
325 5770 483 5827 amonemur
508 5772 626 5828 rotatur
642 5789 675 5829 ιι
696 5774 833 5830 ombrious
846 5786 869 5830 et
890 5784 981 5831 matun
1072 5775 1082 5815 ¹
1108 5775 1220 5835 Phrasls
1248 5775 1378 5835 obscum
1402 5774 1505 5833 Sensus
1529 5784 1588 5843 est,
1612 5774 1751 5830 etuistum
1768 5788 1824 5829 oon
