4009 6184
722 260 754 320 S.
774 259 937 318 euchenii
956 258 1196 318 LuoouhtttSts
1208 249 1369 318 'fluiscunt

546 614 554 628 ,
636 489 971 606 SANG'H
1008 488 1451 602 muonmtsn

695 707 701 720 ·
821 676 1094 745 tununnensts
1114 675 1315 769 sntscort

262 842 574 974 Passio
624 801 1252 969 ausonensium
1298 841 1842 1007 maurinum,

516 1059 590 1142 SS.
629 1050 908 1138 MAURICII
943 1051 1020 1136 AC
1057 1049 1372 1136 SOCIORUM
1408 1056 1568 1140 EJUS.

763 1211 811 1275 tux
831 1209 926 1263 naeu.
948 1209 1072 1262 nunaut
1091 1210 1159 1261 auur
1181 1207 1334 1274 emmau)

840 1381 844 1394 ⁸
929 1435 1171 1545 menelotio.

511 1591 647 1655 Dourion
662 1589 846 1653 beatissimo
859 1587 892 1649 in
909 1585 1038 1650 Christo
1055 1591 1070 1622 ⁸
1088 1584 1205 1648 Satrio
1219 1585 1371 1667 episcopo
1386 1587 1576 1651 Encaustus

268 1717 283 1757 ¹³
298 1717 371 1772 Mitto
385 1714 419 1771 ad
434 1711 625 1770 beatitudinem
640 1717 728 1776 tuam,
748 1715 903 1763 nostrorum
917 1712 1020 1775 marty·
1033 1703 1061 1765 Δ
1072 1702 1188 1760 dirersis
1197 1703 1263 1760 iocis
1272 1711 1354 1776 atque
1363 1706 1509 1775 prouinciis
1518 1706 1546 1763 in
1557 1706 1685 1765 honorent
1696 1710 1883 1784 cliniumque

233 1822 292 1864 rtnn
307 1806 470 1877 passionem.
482 1801 601 1861 terum
613 1801 696 1865 cuim,
712 1813 746 1855 oe
759 1812 809 1868 per
822 1796 953 1853 incuriam
967 1800 1022 1849 tam
1075 1808 1228 1854 sanctorum
1243 1799 1301 1855 auri
1314 1809 1393 1870 atque
1407 1803 1528 1872 arpenti,
1543 1803 1764 1878 diversarumque
1779 1824 1881 1865 mmm

232 1897 344 1970 gloriosi
357 1904 434 1969 qesta
444 1894 566 1968 martyrii
578 1893 614 1949 ah
626 1890 764 1949 hominum
775 1889 905 1946 memoria
917 1894 1023 1957 tempos
1076 1904 1188 1946 monera
1206 1889 1336 1958 oderant,
1353 1903 1402 1948 rtos
1417 1893 1517 1964 scriptu
1532 1895 1589 1951 hsec
1613 1910 1703 1953 nostra
1716 1902 1797 1955 vohis
1812 1905 1880 1957 sui·

232 1991 362 2048 aboleret.
380 1988 462 2044 Porro
473 1988 507 2044 ah
520 1985 625 2044 idoneis
636 1984 791 2041 auctoribus
804 1981 843 2039 rei
854 1981 938 2052 ipsius
949 1979 1023 2037 neri·
1075 1981 1240 2053 lraqautihns
1256 1981 1398 2052 dignanter
1416 1982 1570 2052 oderisium
1598 2002 1748 2058 exposcens
1762 2006 1816 2062 pro
1833 1993 1881 2050 hir

232 2091 315 2138 taient
329 2081 451 2153 quesiti,
467 2080 502 2137 ab
516 2079 662 2149 hiantique
675 2075 721 2149 qui
735 2074 905 2130 aiiirmahant
918 2071 953 2128 ah
967 2070 1025 2141 epi·
1076 2071 1297 2129 intercessionem
1310 2074 1431 2132 omnium
1446 2073 1624 2144 delictorum,
1638 2089 1719 2150 atque
1733 2081 1763 2137 in
1779 2092 1882 2153 poste-

232 2186 316 2244 20090
333 2172 486 2230 qmapemp
507 2179 601 2227 „nero
617 2181 629 2211 u
644 2169 736 2236 lunas,
756 2166 827 2223 hunc
839 2180 920 2236 quem
932 2163 1025 2220 retulit
1077 2177 1136 2219 rum
1155 2164 1218 2235 jure
1240 2164 1394 2234 praesidium
1419 2176 1593 2236 patronorum
1608 2184 1714 2241 semper
1731 2188 1880 2231 meorum.

232 2265 367 2337 passionis
381 2264 505 2322 ordinem
524 2262 699 2335 cognouisse3
719 2259 782 2330 qui,
800 2257 901 2325 oredo,
914 2270 1022 2311 rursum
1076 2258 1237 2314 Mementote
1249 2271 1298 2314 ros
1315 2271 1423 2329 quoquc
1436 2259 1533 2325 nostri.
1549 2261 1577 2316 iu
1589 2272 1732 2333 conspectu
1747 2265 1879 2334 Domini,

231 2356 292 2413 huc
310 2364 385 2413 retro
402 2372 419 2412 a
436 2355 594 2413 beatissimo
614 2353 742 2425 episcopo
765 2349 779 2388 ἅ
798 2348 941 2406 Theodoro
963 2348 1023 2405 siro
1074 2356 1228 2404 sanctorum
1237 2360 1345 2420 semper
1354 2348 1450 2406 olllciis
1460 2350 1635 2418 inherentes,
1644 2354 1753 2413 domiue
1761 2367 1880 2427 ιιιισιο,

232 2446 362 2517 temporis
384 2445 546 2513 anterioris,
560 2451 714 2514 acceperat.
737 2442 830 2512 itaque
848 2454 908 2495 curn
928 2437 974 2493 alii
988 2452 1022 2495 et
1074 2447 1103 2494 ct
1115 2436 1211 2494 merito
1224 2435 1377 2496 beatissime
1389 2438 1485 2498 irater.

270 2583 282 2613 rt
302 2575 331 2631 1„
352 2575 431 2632 Μ,
455 2588 523 2630 mur,
547 2573 651 2644 nerniq.
675 2571 704 2627 S.
726 2568 885 2626 Theoderici
904 2568 1019 2634 stallis,
1073 2566 1266 2635 sollicitudinis,
1277 2577 1331 2628 etc.

233 2645 324 2702 Siluio.
343 2646 371 2701 iu
387 2646 449 2701 cod.
465 2645 546 2701 Silvae
563 2641 672 2712 majoris
690 2640 805 2697 hahetur
824 2640 876 2695 alia
896 2639 1022 2695 Eucherii
1108 2637 1123 2677 l
1142 2638 1211 2693 ihid.
1227 2651 1254 2696 et
1267 2642 1294 2696 in
1307 2640 1387 2712 edit..
1402 2641 1633 2715 Miri...scriptont
1642 2655 1800 2722 sacrorum,
1815 2666 1879 2714 ete.

231 2716 344 2785 epistola
358 2715 391 2771 ad
406 2730 500 2772 omnes
515 2714 618 2779 ildelss,
631 2710 678 2768 sed
691 2726 751 2783 quae
764 2709 951 2780 antiquitatem
966 2723 1020 2763 uon
1110 2718 1123 2748 ⁶
1142 2707 1249 2765 Nudum
1269 2712 1329 2779 ejus
1342 2726 1440 2769 nomen
1455 2715 1553 2772 intere
1575 2719 1684 2791 iscopos'
1691 2720 1879 2784 Genetenses

231 2787 311 2854 sapit.
327 2785 354 2840 in
373 2786 466 2842 codice
481 2783 635 2839 monasterii
650 2780 772 2837 lorensis
786 2795 849 2834 atro.
866 2780 925 2850 plus
940 2792 1020 2861 quam
1072 2776 1201 2835 cxhlhent
1212 2778 1429 2849 sammarthani.
1446 2783 1538 2841 Gallim
1552 2732 1653 2845 ghrtsr.
1670 2802 1733 2848 ¹⁰¹¹·-
1751 2792 1786 2849 Π·

230 2854 284 2912 hdo
297 2856 411 2912 hahetur
424 2855 481 2909 hnc
493 2852 605 2924 epistola
620 2869 628 2905 t
645 2849 785 2905 Eucherius
801 2848 903 2904 Verona
920 2848 975 2918 piro
992 2863 1021 2904 tn
1109 2845 1124 2886 ⁴¹
1143 2847 1300 2905 Theodorus
1319 2852 1462 2923 episcopus
1486 2854 1678 2916 octodorensis
1702 2863 1761 2919 sire
1781 2864 1881 2920 Sedu-

231 2920 459 2981 Christosolutent.
478 2922 613 2980 Formulot
625 2920 750 2994 epitimiis
764 2918 1020 2990 inteliiqentioecont·
1073 2917 1184 2986 nensis,
1200 2917 1227 2973 in
1245 2919 1322 2989 cttjus
1341 2921 1453 2978 tlioecesi
1475 2924 1616 2994 husonum
1634 2931 1713 2988 situm
1726 2942 1787 3002 est,
1802 2938 1881 2993 suia-

230 2996 380 3067 ιηοιιιιιάιι,
391 2995 486 3068 tibique
499 2994 635 3049 mitmndus
646 3008 692 3061 pro
702 2989 788 3046 studio
802 2999 916 3060 paterno
925 3004 986 3060 erpo
998 2997 1022 3043 ts
1074 2988 1183 3057 scripsit
1195 2991 1308 3046 concilio
1321 2990 1487 3063 Aquileiensi
1500 3009 1573 3051 anuo
1587 2996 1650 3054 stt.

217 3119 221 3154 l
236 3118 1870 3155 m

326 3243 332 3254 ·
455 3283 458 3288 «
510 3227 709 3313 Passio
747 3223 1179 3310 acaunensium
1196 3189 1198 3193 ’
1215 3225 1571 3315 mansuetior.

268 3389 288 3443 Ι.
308 3388 467 3445 Sanctorum
484 3386 636 3456 passionem
650 3391 799 3454 martyrum
818 3381 863 3449 qui
876 3379 1016 3434 Acaunum
1032 3379 1288 3451 Bexstioquendum
1306 3378 1517 3440 Christianitatis
1534 3398 1632 3440 nomen
1651 3401 1819 3449 armaverat.
1844 3397 1879 3454 si

230 3480 350 3552 glorioso
372 3478 502 3549 unguine
521 3475 674 3543 illustrant,
694 3487 742 3546 pro
761 3471 863 3527 honore
881 3477 1020 3559 gestorum
1072 3471 1117 3542 qui
1131 3481 1193 3528 tutte
1209 3473 1256 3528 ilci
1270 3472 1328 3529 reri
1343 3473 1444 3528 cultum
1460 3476 1580 3545 prolatari
1592 3478 1743 3551 audebant,
1760 3489 1879 3555 sparsis

230 3570 302 3643 stylo
311 3570 488 3640 explicamus,
499 3583 532 3625 es
544 3567 635 3638 ntique
645 3565 709 3635 ilde,
723 3577 776 3637 qua
788 3562 822 3619 ad
836 3577 886 3619 nos
898 3560 1021 3634 martyrii
1071 3579 1265 3637 usquequaque
1278 3565 1391 3622 militnm
1406 3569 1511 3637 turmis,
1525 3570 1566 3625 rel
1578 3571 1612 3624 ad
1623 3572 1764 3643 supplicia,
1776 3577 1826 3633 rel
1839 3583 1878 3635 sd

229 3664 298 3720 ordo
313 3663 445 3735 pervenit.
468 3661 534 3718 Nam
558 3676 606 3733 per
627 3658 829 3716 succedentium
848 3655 1020 3720 mistionem,
1072 3671 1167 3712 necem
1180 3656 1501 3728 rapiehunturaaerelut
1514 3662 1878 3739 vacationeharharisgem-

158 3825 161 3830 q
230 3756 270 3814 tei
282 3765 366 3828 peste
379 3755 536 3812 memorium
548 3752 666 3810 nondum
678 3751 820 3822 intercepit
833 3747 932 3806 oblitio
946 3764 954 3803 s
968 3747 1020 3803 etsi
1072 3746 1144 3801 tibus
1153 3745 1226 3814 tiata,
1239 3760 1348 3816 prorsus
1363 3746 1559 3820 inreligionem
1572 3765 1648 3807 arma
1665 3767 1875 3815 commoverat.

229 3863 279 3920 pro
293 3846 456 3920 martyribus
470 3846 584 3917 sirquiis
598 3845 657 3902 loca
669 3842 784 3914 ungula.
800 3857 859 3913 quse
873 3854 920 3897 eos
934 3837 1020 3909 possi·
1073 3835 1136 3892 Erat
1150 3837 1246 3894 eodem
1260 3848 1382 3909 tempore
1401 3839 1428 3894 in
1448 3841 1567 3897 exercitu
1582 3840 1652 3913 legio
1666 3843 1803 3916 militum,
1821 3852 1876 3921 qui

230 3939 311 4003 dent,
326 3937 368 3993 roi
382 3936 493 4007 singulae
507 3935 590 3992 uthrs
609 3935 728 4005 insignes
742 3933 891 3996 hahentur,
906 3944 955 3986 nec
968 3929 1020 3985 im·
1070 3928 1180 3986 'lhehui
1191 3929 1406 4001 appellabantur.
1420 3931 1504 4004 Lugio
1519 3943 1609 3991 autem
1626 3935 1784 4006 remittas,
1802 3958 1878 4008 qua

228 4028 338 4092 merito,
353 4026 415 4097 quia
430 4040 478 4098 pro
492 4026 549 4081 ileo
565 4039 672 4081 summo
685 4033 699 4062 ⁸
715 4025 846 4094 pretiosas
858 4022 961 4077 animas
976 4020 1019 4076 iu·
1071 4032 1135 4079 tunc
1146 4038 1195 4097 ses
1207 4023 1289 4079 miliia
1299 4035 1483 4082 scsexcentos
1493 4025 1591 4083 uirosb
1603 4028 1630 4084 io
1640 4030 1723 4086 armis
1732 4029 1876 4092 hahebat.

228 4117 345 4183 deruot;
364 4128 462 4187 quanta
478 4113 629 4171 reuerentia
646 4113 811 4169 excolendus
829 4120 871 4170 est
883 4126 960 4168 sacer
974 4110 1020 4166 iiie
1071 4112 1102 4168 lli
1115 4113 1140 4167 in
1153 4113 1282 4168 auxilium
1295 4112 1455 4171 Maximiano
1467 4116 1502 4173 ah
1512 4116 1631 4173 Orientis
1646 4119 1769 4188 partihus
1780 4124 1874 4177 acciti

228 4206 428 4262 acaunensium
438 4205 524 4271 locos,
538 4205 564 4259 in
575 4218 629 4275 quo
638 4212 678 4260 tot
691 4219 739 4274 pro
753 4203 858 4258 Christo
870 4211 1019 4272 martyrum
1069 4206 1268 4270 reuersurum
1282 4205 1309 4261 in
1320 4207 1402 4263 rehus
1413 4207 1518 4265 bellicis
1529 4211 1643 4276 strenui,
1658 4216 1687 4266 et
1699 4211 1798 4267 uirtute
1816 4229 1874 4270 no-

229 4298 314 4354 millia
328 4297 400 4353 letto
413 4312 483 4353 cassa
496 4294 666 4353 telcrttnturl
685 4294 761 4350 Nunc
776 4293 832 4364 jam
851 4293 935 4363 ipsam
956 4290 1020 4346 hea-
1069 4294 1146 4360 biles,
1162 4294 1211 4352 sed
1225 4296 1373 4353 nobiliores
1387 4296 1451 4363 ude,
1466 4312 1531 4368 etna
1545 4297 1734 4367 imperatorem
1750 4298 1871 4355 lortiau·

228 4389 340 4445 tissime
354 4387 487 4458 passionis
502 4402 611 4443 causant
626 4386 779 4456 loquamur.
1068 4385 1143 4453 dine,
1156 4399 1219 4458 erga
1231 4385 1368 4444 Christum
1382 4388 1526 4445 deuotione
1539 4389 1688 4445 certabant.
1702 4389 1871 4461 deauratus

216 4501 219 4527 ι
263 4477 296 4533 tt.
315 4479 372 4537 Suh
388 4479 565 4545 Maximiano,
579 4479 624 4549 qui
642 4475 771 4562 Romanu
785 4474 938 4543 reipublice
955 4489 1018 4552 cum
1068 4479 1873 4549 praemphetiamsuharmisnonimmemorcs.reddehaut

195 4578 197 4582 ’
229 4561 397 4628 Diocletiano
418 4570 677 4642 collequimporiom
698 4567 805 4633 tonuit,
830 4581 878 4637 per
898 4567 1019 4624 diuersas
1068 4570 1601 4643 quoheierantlleqetquaecaasaris
1613 4573 1713 4630 curari
1731 4574 1872 4635 mtitue-

228 4661 287 4717 iere
303 4664 452 4730 prouincias
467 4663 573 4728 laniati,
588 4672 633 4717 aut
646 4660 778 4716 interiecti
793 4667 855 4714 sutri
868 4669 1017 4731 martyrum
1068 4661 1143 4717 hant.
1166 4659 1257 4734 itaque
1275 4676 1337 4719 cum
1359 4661 1405 4729 ht,
1419 4662 1490 4718 alem
1511 4669 1540 4719 et
1556 4665 1647 4720 ceteri
1670 4665 1807 4730 utilitum.
1831 4669 1872 4726 a

229 4752 333 4823 populi.
352 4753 425 4809 idem
437 4767 550 4823 namque
564 4750 753 4815 Maximianus,
768 4749 969 4820 sieutavaritia,
985 4751 1053 4817 iic
1071 4761 1083 4791 ⁰
1102 4752 1309 4823 pertrahendam
1327 4751 1542 4808 Christianorum
1560 4753 1758 4810 multitudinem
1775 4754 1873 4813 detti-

228 4842 337 4914 hidiuc,
355 4843 477 4900 crudelis:
488 4850 527 4908 te,
543 4842 701 4912 caeterisque
716 4839 788 4895 uitiis
805 4841 932 4896 obsessus
945 4840 1018 4898 lure-
1070 4848 1217 4908 otrentum
1232 4840 1283 4897 soli
1295 4839 1310 4880 ⁴¹
1323 4840 1492 4899 crudelitatis
1509 4842 1688 4897 ministerium
1706 4841 1873 4904 detrectare

229 4934 290 5003 hat;
307 4935 342 4989 ita
356 4934 435 4989 utiam
451 4932 623 4990 exsecrandis
636 4930 773 5001 gentilium
788 4931 884 4987 ritihus
898 4931 1016 4997 deditus,
1069 4931 1129 4988 ausi
1140 4941 1214 4998 sunt,
1229 4940 1309 5003 atque
1323 4931 1476 5002 huiusmodi
1492 4934 1633 5003 preceptis
1645 4948 1676 4989 sc
1687 4933 1871 5005 obtempera-

227 5035 257 5081 et
276 5039 337 5096 erpa
352 5024 436 5080 Deum
450 5023 512 5081 coeii
525 5024 672 5094 profanus,
698 5021 862 5091 insipientem
881 5037 957 5076 suam
982 5020 1016 5076 ad
1068 5028 1143 5076 turos
1157 5029 1265 5094 negant.
1287 5020 1464 5079 Maximianus
1477 5037 1531 5078 non
1543 5022 1624 5094 longe
1636 5024 1745 5092 aberat3
1765 5034 1779 5064 ⁸
1795 5042 1872 5087 nan

266 5161 347 5217 ⁸Sic
364 5161 426 5216 cod.
449 5158 563 5217 itariae
588 5157 655 5227 stit,
674 5157 798 5227 pretiosus
814 5158 898 5213 sancti
915 5158 1016 5215 ursimus
1073 5162 1139 5243 hide
1161 5161 1318 5220 Florentinii
1338 5174 1416 5222 noms
1434 5165 1462 5221 iu
1483 5166 1703 5241 iiartproloqium
1724 5169 1872 5249 Hierony·

229 5233 425 5372 uflmlggglhts
438 5298 487 5355 lib.
502 5298 569 5355 udo
582 5296 744 5355 humilitati
758 5311 817 5363 cap.
835 5295 854 5349 Ξ
877 5313 885 5353 s
907 5297 1017 5354 hamoni
1068 5246 1224 5359 mlgnlulglld.
1238 5299 1355 5360 Sorboo.
1368 5311 1396 5360 et
1408 5304 1514 5372 Germ..
1531 5306 1719 5362 diluiuum.

229 5369 341 5441 lept'oues
350 5370 454 5436 halent,
465 5372 492 5425 ira
503 5372 594 5441 quius
603 5366 780 5440 sinquiissenu
789 5367 879 5430 millio,
889 5368 1017 5450 interdum
1103 5367 1118 5409 *¹
1135 5372 1223 5438 idern,
1239 5389 1257 5428 tt
1271 5374 1430 5429 crudelitatis
1443 5376 1583 5432 minutario
1598 5393 1626 5432 ts
1640 5377 1784 5435 terram

229 5444 341 5525 emplius
362 5441 472 5522 nuttam
493 5446 685 5521 consueverunt.
715 5436 839 5519 (iertecat
861 5452 942 5519 varrus
963 5439 1016 5494 Tati
1105 5442 1380 5510 theuderedum..
1394 5442 1504 5499 Numae
1519 5449 1792 5504 octodimrnitirrere
1806 5452 1867 5520 ses·

231 5507 1017 5646 litii.'litigantia''lihhllllisl'hirti‘
1068 5512 1865 5655 Mittinilntlthhhlldh,'thidum‘

865 5619 873 5642 0
1261 5622 1268 5649 1
1772 5631 1782 5660 p
1804 5608 1866 5648 ΜΕ

230 5652 338 5720 quaudo
348 5652 449 5722 piures,
458 5649 602 5723 aliquando
615 5648 795 5745 pauciores-in
808 5647 912 5718 legione
926 5658 1014 5707 erunt.
1070 5651 1149 5723 longe
1162 5669 1176 5709 a
1190 5652 1299 5711 Murro
1313 5663 1341 5711 et
1359 5653 1471 5726 apadno
1487 5656 1624 5717 dissitum.
