4009 6184
154 349 220 409 thl
613 342 849 406 cuusstltaltti
867 342 900 403 iti
920 289 1042 404 clusus
1060 343 1191 407 busitu.
1210 346 1275 407 utu.
1295 347 1337 407 tt.
1710 351 1782 411 titt
1855 412 1859 418 ,

188 458 306 514 lmroialt
320 464 406 512 autem
420 453 777 529 lsaimproplletsadrepem
791 455 939 512 Emanium.
953 461 980 521 Α
992 457 1129 516 diantibus
1150 459 1283 528 boetius,
1305 459 1376 518 uode
1403 463 1566 533 praedentur.
1590 462 1691 522 llunim
1712 478 1781 548 ergo

151 533 323 600 iiursumque
335 538 396 599 post
409 529 534 612 corporis
548 527 690 583 sanitatem
704 537 732 583 et
751 527 820 597 signi
835 527 940 597 magni·
992 529 1075 584 titani
1091 529 1138 584 illa
1152 533 1256 587 caioctis
1268 531 1405 587 notissima
1416 532 1537 588 Ezecbim
1547 534 1627 603 culpa
1643 533 1777 603 Dgurarrt,

153 601 273 657 tudinem
292 598 383 654 ulierri
397 612 532 654 cernimus
551 598 631 651 aliam
653 598 821 652 occasionem
846 612 940 666 snper·
992 599 1038 668 qui
1053 608 1194 668 postquam
1217 615 1270 655 una
1287 610 1405 669 preceet
1426 603 1478 657 sub
1495 603 1574 659 unius
1588 603 1675 659 noctis
1690 605 1778 672 spatio

152 671 214 732 bia.
229 684 309 740 quarn
323 677 352 723 ιι
363 668 478 739 prudens
492 677 520 723 et
533 667 581 722 Dei
596 667 687 723 cultor
700 668 784 721 uitare
800 665 939 732 debuerat,
992 679 1101 723 centum
1111 670 1246 740 octoginta
1258 670 1470 741 quinquemillia
1485 672 1613 736 bostium,
1632 673 1728 743 angelo
1739 673 1777 729 le·

152 754 204 796 uec
225 749 376 794 monstrare
400 737 555 808 alienigenis
574 737 681 790 divitias
701 750 774 800 siras,
797 750 865 806 quas
884 736 941 792 Deo
992 738 1080 793 rienle
1100 739 1256 808 prostrauit,
1275 748 1416 810 postquam
1439 742 1546 797 occasui
1569 743 1729 811 proximum,
1742 744 1776 799 ad

154 809 290 864 tribuente
305 807 471 875 possederat,
483 822 516 862 ex
528 805 670 876 qiiujusla
683 805 749 875 legis
764 807 939 877 tropologiam
991 806 1090 862 altiora
1110 807 1173 863 aceli
1194 809 1280 880 spatia
1293 809 1378 865 solem
1392 810 1510 878 reduxit,
1532 822 1673 881 postquam
1693 815 1775 868 ultam

154 879 347 934 discimusnon
361 878 504 932 mittendas
518 892 576 930 mar
594 876 675 929 aritae
690 886 752 929 aitte
767 889 875 943 porcos,
890 890 940 930 nec
993 878 1190 948 propinquante
1213 878 1269 948 jam
1294 881 1410 940 terminu
1428 891 1589 936 coarctatam
1614 881 1641 936 in
1655 891 1775 951 leoipora

153 949 272 1004 dandum
288 958 408 1001 sanctum
425 947 557 1012 canibus(
590 945 654 999 arat.
671 944 741 1015 ro):
762 944 806 1014 qui
826 946 898 1000 enim
910 945 942 998 u·
992 943 1114 1016 longiora
1128 948 1282 1018 protelavit,
1297 950 1433 1017 susceptis
1449 949 1606 1018 babylonici
1620 952 1691 1020 regis
1706 967 1774 1006 uun·

152 1017 223 1072 delia
234 1025 275 1072 ost
287 1017 381 1085 spirito
396 1015 535 1069 abscondit
548 1016 665 1084 negritia,
680 1025 706 1069 et
720 1014 879 1084 quicumque
889 1014 942 1070 boc
992 1014 1038 1069 tiis
1052 1015 1122 1071 buna
1138 1018 1229 1071 omnia
1246 1033 1306 1087 quie
1321 1018 1472 1087 possidebat
1490 1019 1622 1086 ostendit;
1643 1020 1690 1076 sed
1713 1035 1776 1089 pru·

153 1102 208 1142 non
220 1086 326 1151 lecerit,
339 1087 427 1140 uminis
446 1086 530 1139 virtus
549 1086 621 1140 illius
640 1095 793 1149 asservatur,
810 1085 942 1153 periitque
993 1085 1081 1152 pbetie
1097 1087 1218 1153 protinus
1232 1100 1325 1142 vocem
1341 1088 1460 1143 audiuit:
1476 1086 1777 1156 desidiosissimum

153 1158 316 1228 posteritas;
340 1165 367 1209 et
387 1155 486 1208 amisso
504 1153 572 1209 uirili
598 1154 705 1220 robore,
731 1153 758 1208 in
781 1152 941 1208 muliebrem
991 1153 1141 1223 ιιιίιιιιιιιιι
1153 1156 1239 1209 omnia
1251 1171 1309 1226 ιιιι
1317 1156 1346 1210 in
1359 1157 1434 1211 domo
1445 1166 1490 1210 tua
1501 1167 1560 1213 sunt
1573 1159 1600 1212 in
1608 1157 1773 1229 Delminum,

153 1226 285 1295 redigitur
299 1223 504 1279 mollitudinem.
982 1231 1015 1276 ¹et
1025 1238 1076 1276 non
1089 1223 1401 1296 relinqueturquidquam,
1416 1226 1478 1280 dicit
1490 1226 1622 1282 Dorulaus.
1639 1229 1684 1283 Sic
1697 1229 1777 1282 ulmi·

189 1294 340 1357 intruditur
352 1308 417 1362 ergo
433 1292 514 1347 isaias
527 1291 560 1346 ad
574 1306 663 1362 regem
675 1307 683 1355 ;
697 1297 724 1346 et
741 1291 817 1358 quasi
835 1289 942 1346 nescius
993 1306 1053 1346 rum
1065 1291 1224 1363 hypocrita,
1242 1303 1381 1363 postquam
1401 1295 1504 1365 magnis
1522 1296 1666 1353 virtutibus
1683 1312 1777 1352 excre-

153 1364 324 1419 sclscitatur:
339 1363 406 1427 Quid
421 1362 541 1415 dixerunt
555 1361 601 1414 uiri
616 1362 680 1415 isti?
691 1371 715 1416 ιι
729 1361 795 1413 unde
808 1361 944 1416 acumenti
991 1370 1083 1426 scunt,
1095 1361 1158 1431 qula
1181 1376 1278 1418 carere
1299 1363 1476 1434 malignorum
1495 1365 1638 1433 spirituum
1662 1365 1777 1420 insidias

154 1431 695 1502 Duolnterrogatzqnldluculisupt.et
715 1428 940 1485 undereuerunt.
992 1430 1143 1500 negligunt,
1165 1440 1193 1485 et
1215 1432 1298 1487 celari
1327 1433 1354 1486 ln
1375 1432 1477 1488 eisdem
1500 1434 1644 1490 virtutibus
1671 1435 1781 1504 uolunt,

154 1502 205 1557 llle
217 1503 251 1556 ad
262 1518 345 1557 unum
358 1500 507 1568 respondit,
520 1502 606 1554 alteru
618 1497 815 1567 praetermisso:
992 1497 1065 1554 buna
1080 1514 1129 1554 sua
1144 1499 1320 1566 ostendendo,
1334 1501 1451 1556 bostium
1466 1502 1580 1569 laciuut;
1594 1510 1622 1558 et
1633 1503 1777 1573 prodentes

192 1570 232 1625 De
243 1581 311 1626 terra
323 1572 461 1642 longinqua
483 1578 604 1624 aeneum
623 1569 658 1622 ad
677 1584 728 1632 me,
752 1568 785 1622 de
799 1566 940 1640 Belgicae,
992 1568 1084 1641 subito
1108 1569 1237 1624 amittunt
1251 1570 1381 1638 quidquid
1394 1571 1495 1626 diutius
1509 1571 1649 1627 studentes
1662 1585 1778 1641 operan-

154 1640 226 1712 quod
239 1648 338 1710 quanto
350 1651 420 1695 terra
436 1641 540 1707 longior
561 1641 597 1693 sit
616 1638 686 1693 unde
702 1647 842 1702 uerierunt,
868 1647 943 1695 tantu
992 1646 1047 1694 tur.
1061 1638 1129 1694 ilinc
1143 1653 1192 1708 per
1204 1636 1372 1694 Psalmistam
1388 1639 1486 1695 dicitur
1497 1656 1505 1696 c
1516 1639 1637 1695 Tradidit
1656 1642 1683 1695 in
1697 1643 1779 1711 eapti·

154 1713 207 1766 iste
218 1726 264 1766 res
278 1711 421 1778 gloriosior
435 1717 544 1779 propter
557 1723 637 1776 quern
654 1716 794 1761 uenerunt.
810 1707 845 1762 Et
856 1722 939 1764 uene·
992 1708 1094 1762 uitatem
1107 1711 1212 1763 virtuter
1224 1724 1322 1775 sorum,
1333 1716 1359 1765 ιι
1373 1709 1574 1777 pulchritudines
1588 1725 1675 1765 aarum
1686 1713 1713 1764 in
1722 1727 1777 1766 ma·

154 1792 229 1845 runt,
245 1781 339 1849 inquit,
354 1779 387 1832 ad
401 1794 455 1839 me.
466 1775 536 1847 quod
545 1778 675 1833 debuerat
684 1776 775 1831 dicere
786 1775 942 1833 :Venerunt
955 1808 981 1869 B
992 1793 1043 1831 rius
1052 1779 1149 1832 inimici
1163 1776 1220 1846 (Ρι,
1234 1778 1347 1849 ιιιιιι).
1357 1778 1446 1835 lictus
1456 1778 1555 1849 quippe
1567 1789 1595 1835 et
1609 1780 1778 1849 pulchritudo
1874 1789 1880 1802 ¹

154 1849 189 1905 ad
212 1849 413 1919 gluriticandum
435 1848 530 1911 Deum,
551 1861 600 1917 pro
623 1847 690 1915 sigui
712 1847 896 1914 magnitudine
908 1848 942 1903 de
994 1848 1178 1917 arrogantium
1199 1847 1299 1903 inimici
1320 1849 1444 1904 inanibus
1463 1849 1588 1916 traditur,
1610 1850 1673 1919 quia
1696 1864 1777 1907 omne
1839 1895 1843 1903 .

154 1920 302 1990 Babylone,
316 1933 377 1986 qiiac
397 1916 463 1973 urbs
486 1919 512 1971 in
527 1926 583 1971 tato
601 1916 667 1971 urbe
680 1916 866 1984 poteritissima
887 1924 941 1975 est.
993 1916 1107 1984 bonum,
1118 1916 1189 1985 quud
1200 1931 1250 1987 per
1262 1918 1507 1988 concupiscentiam
1527 1920 1636 1975 laudum
1658 1920 1778 1975 ostendi·

155 1989 327 2055 llumumqne
349 1987 441 2052 isaias,
460 1987 539 2054 Quid,
558 1985 655 2056 inquit,
679 1985 796 2039 uideram
814 1986 843 2040 in
866 1987 943 2042 danto
994 1993 1051 2056 tur,
1067 1987 1166 2042 occulti
1191 1986 1338 2042 adversarii
1361 1988 1463 2044 uiribus
1483 1989 1660 2058 mancipatur.
1681 1989 1780 2046 llostes

156 2060 220 2112 tua?
234 2059 265 2111 Dr
280 2058 325 2113 ille
335 2056 472 2126 respondit
488 2071 521 2112 es
542 2065 617 2124 parte
638 2069 742 2122 verum,
767 2055 838 2125 quod
852 2055 943 2111 omnia
994 2069 1112 2123 namque
1126 2056 1292 2124 adrapinam
1308 2068 1465 2127 provocant,
1476 2058 1522 2128 qui
1532 2072 1694 2114 suaseorum
1705 2060 1778 2115 noti·

156 2128 276 2184 uiderint
297 2128 324 2182 in
348 2130 428 2181 urimo
452 2126 537 2191 illius;
560 2139 610 2180 nec
630 2121 712 2180 luerit
725 2140 770 2181 res
789 2140 869 2196 quam
889 2141 943 2182 nun
994 2125 1040 2181 tiae
1058 2126 1167 2184 diuitias
1188 2126 1343 2182 denudantr
1364 2141 1503 2198 quousque
1524 2128 1646 2184 animab
1669 2138 1779 2185 ceterius

156 2198 307 2253 ostenderit
319 2198 359 2251 eis
371 2196 398 2251 in
410 2197 543 2250 tbesauris
561 2194 617 2250 suis
631 2209 640 2256 ;
652 2193 700 2249 sed
719 2195 835 2250 altemm
849 2196 943 2265 tacuit,
995 2195 1088 2266 patrie
1101 2196 1246 2252 securitate
1258 2196 1447 2267 disjungimur,
1463 2201 1491 2254 iu
1504 2199 1639 2255 latronum
1650 2197 1780 2254 insidian-

155 2267 193 2322 de
201 2281 255 2337 quo
268 2267 409 2320 serebatur
420 2264 560 2330 suaniam,
574 2263 645 2335 quod
652 2263 800 2320 ostenderit
813 2265 838 2320 ei
847 2273 944 2322 cuncta
995 2266 1063 2322 tium
1078 2267 1132 2322 iter
1144 2266 1323 2323 ambulamus.
1336 2268 1387 2336 Qui
1399 2282 1465 2338 ergo
1482 2271 1509 2324 ln
1520 2268 1616 2324 itinere
1629 2268 1778 2337 depraedant

156 2353 218 2407 qoae
233 2337 355 2390 liabuerit
369 2338 396 2391 iu
410 2344 542 2405 potestate
553 2349 611 2403 sus,
628 2333 698 2388 baud
713 2332 825 2388 dubium
839 2336 905 2405 quin
916 2343 945 2392 et
994 2335 1133 2401 formidat,
1147 2336 1295 2393 abscondat
1306 2351 1417 2394 necesso
1429 2347 1472 2394 est
1482 2338 1552 2394 buna
1565 2352 1625 2407 ιιι
1638 2346 1740 2410 portat.
1754 2339 1777 2393 0

157 2404 252 2474 templi
275 2407 480 2529 supellectilem.
496 2404 610 2473 Propter
630 2419 690 2475 quae
708 2402 792 2459 isaias
814 2405 862 2461 Dei
887 2419 943 2462 scr·
995 2405 1575 2477 miseri,quiaffectanteslandesbominum,
1588 2408 1614 2462 io
1626 2406 1779 2472 semetipsis

158 2490 240 2531 raone
255 2491 303 2557 pro
315 2486 356 2530 ert
366 2475 545 2530 centenariam:
886 2487 894 2503 ⁴
994 2475 1127 2545 dissipant
1148 2477 1248 2532 lructus
1271 2477 1410 2533 lilioruml
1432 2477 1553 2549 Cumque
1580 2492 1610 2533 se
1636 2477 1780 2533 ostendere

194 2546 263 2599 tias
284 2545 385 2599 amium
406 2544 510 2598 Domini
534 2543 716 2599 canariam:
735 2542 821 2599 i'mist
845 2554 945 2614 tempas
995 2546 1092 2602 alienis
1106 2545 1191 2601 oculis
1211 2555 1349 2615 appetunt,
1363 2546 1492 2603 damnant
1510 2547 1582 2619 quod
1602 2556 1692 2612 aguiit.
1705 2547 1779 2615 Quos

158 2613 264 2683 manda
274 2617 361 2668 attinio
374 2613 429 2668 buc
459 2630 498 2668 ιιιι
516 2616 543 2668 in
555 2616 631 2668 domo
646 2621 690 2666 tua
703 2623 773 2676 aaut,
789 2625 815 2667 ιι
823 2631 875 2669 non
888 2625 942 2683 tua,
995 2616 1123 2671 nimirum
1134 2616 1243 2687 maligni
1255 2616 1376 2686 spiritns,
1389 2633 1450 2673 cum
1467 2620 1500 2672 ad
1516 2616 1669 2682 iactantiam
1683 2629 1780 2685 proso·

159 2685 206 2738 aud
220 2693 320 2755 patrum
331 2694 432 2738 tuorum
441 2631 526 2739 litare
555 2683 943 2755 audiminilalplonemtram·
998 2696 1071 2748 cant,
1085 2700 1190 2753 eorum,
1203 2686 1273 2741 sicut
1282 2686 1410 2754 diximus,
1425 2702 1505 2759 opera
1515 2686 1681 2756 captivantes
1694 2687 1781 2741 denu-

159 2755 285 2877 kmntur,
297 2762 320 2807 et
330 2754 467 2808 desemine
481 2764 524 2807 tuo
536 2701 599 2821 lant
611 2754 721 2809 eunucbi
738 2755 766 2808 in
792 2755 853 2807 aula
866 2756 942 2825 regis.
996 2754 1070 2810 dant.
1086 2754 1154 2811 ilinc
1169 2765 1210 2810 est
1224 2756 1294 2811 enim
1309 2756 1381 2825 quod
1403 2772 1451 2824 per
1472 2756 1647 2827 Euangelium
1673 2755 1780 2810 Veritas

185 2837 268 2893 xqun
283 2824 386 2879 delusi
400 2824 493 2878 volutat
512 2824 657 2887 danielem,
675 2823 817 2888 ananiam,
830 2824 945 2879 blisabe·
997 2823 1081 2880 dicit:
1099 2825 1205 2879 Nesciat
1226 2826 1330 2878 sinistra
1343 2833 1388 2878 tua
1399 2826 1461 2892 quid
1474 2826 1552 2896 iaciat
1566 2826 1669 2880 dealem
1682 2833 1737 2888 tua,
1752 2835 1781 2879 ιιι

159 2892 213 2946 lem
226 2892 397 2958 ciburrium,
409 2894 452 2960 qni
467 2892 574 2947 luerunt
583 2893 617 2947 de
636 2895 709 2964 regio
725 2894 843 2956 semine,
859 2892 945 2949 lactus
995 2893 1030 2947 sit
1043 2894 1203 2965 eleemosyna
1214 2902 1258 2948 tua
1271 2895 1298 2947 ιἰι
1315 2895 1473 2959 abscondita,
1487 2904 1511 2948 st
1525 2895 1604 2949 Pater
1617 2904 1676 2948 tuus
1685 2896 1730 2963 qui
1743 2895 1781 2947 ui-

104 3009 108 3016 .
159 2975 221 3016 este
235 2963 390 3029 eriniicbos,
403 2977 470 3033 quus
484 2964 510 3017 in
525 2962 675 3018 ministeriu
697 2963 779 3017 luisse
802 2961 944 3019 Nabucbo·
998 2963 1079 3017 datin
1093 2963 1241 3017 abscondita
1251 2963 1341 3019 reddet
1354 2964 1407 3018 tibi.
1424 2964 1541 3020 liiucest
1550 2964 1620 3035 qudd
1631 2967 1664 3019 de
1674 2965 1776 3018 electu·

159 3029 278 3087 mamni
289 3050 342 3087 non
355 3033 464 3092 dubium
476 3042 527 3088 est.
544 3032 777 3096 Eunuchusenim,
790 3031 816 3087 ld
830 3042 882 3096 est,
897 3034 944 3088 ab·
997 3047 1057 3087 rum
1070 3032 1194 3088 Ecclesia
1213 3047 1262 3103 per
1275 3033 1442 3089 Psalmislam
1467 3034 1578 3089 dicitnr:
1595 3034 1684 3087 Omnis
1697 3032 1781 3104 gloria

157 3104 270 3167 scissos,
282 3118 334 3158 nou
350 3117 479 3173 negamus
491 3103 593 3169 aliquos
607 3103 689 3157 luisse
703 3102 736 3156 de
751 3102 853 3158 semine
871 3103 945 3173 regio
998 3103 1126 3172 eiuafilioe
1136 3103 1202 3173 regis
1222 3103 1253 3157 ab
1269 3104 1337 3156 intus
1350 3100 1409 3171 (Ρι.
1422 3101 1510 3174 surr).
1528 3104 1595 3158 ilinc
1612 3103 1710 3157 Paulus
1723 3105 1758 3155 ait
1771 3118 1788 3155 r·

159 3170 188 3225 in
204 3172 301 3235 palatio
327 3171 398 3241 regis
420 3172 574 3245 Babylonis,
595 3171 670 3241 justa
687 3171 855 3240 prophetiam
876 3172 946 3227 beati
959 3170 983 3234 C
997 3169 1089 3227 Gloria
1102 3183 1190 3228 nostra
1200 3173 1253 3226 brec
1266 3183 1314 3241 ιιι,
1326 3174 1496 3227 testimonium
1513 3173 1673 3228 conscientiae
1688 3179 1783 3226 nostris

158 3238 245 3295 tiata.
267 3242 357 3297 Daniel
369 3251 396 3297 et
409 3244 496 3298 socios
508 3245 567 3309 eius
586 3241 750 3297 credendum
769 3241 843 3295 nullu
867 3242 947 3297 modu
997 3240 1033 3314 (ll
1047 3240 1106 3297 Cor.
1120 3245 1151 3314 i).
1164 3242 1229 3298 uitta
1240 3243 1338 3324 qnippe
1348 3256 1442 3312 regum
1453 3242 1587 3306 Ecclesia,
1598 3257 1660 3308 quae
1669 3241 1697 3296 iu
1711 3242 1781 3295 burin

158 3318 216 3372 est:
238 3313 345 3377 quodsi
367 3324 468 3380 essent,
495 3311 530 3367 de
556 3311 754 3382 pulchritudine
775 3313 896 3381 corporis
919 3322 948 3368 ιι
997 3320 1132 3383 estapers
1146 3312 1306 3381 spiritalium
1324 3312 1472 3382 principum
1488 3313 1676 3381 praedicatione
1697 3324 1781 3380 gene·

157 3391 272 3448 aspectu
287 3383 393 3436 illumin
409 3398 462 3437 nun
479 3383 584 3437 timeret
598 3381 651 3436 dux
667 3381 724 3448 illc,
739 3382 785 3451 qui
799 3396 846 3436 eos
859 3382 948 3438 adbuc
997 3389 1067 3450 rata,
1096 3382 1208 3453 gloriam
1234 3380 1306 3436 intus
1328 3383 1418 3448 babet,
1447 3383 1509 3452 quia
1525 3382 1577 3436 buc
1595 3381 1665 3448 quod
1687 3382 1740 3449 agit
1755 3381 1781 3433 in

157 3462 259 3531 poesim
273 3451 422 3516 erudiebat,
438 3453 500 3521 qnia
524 3454 628 3519 species
641 3450 718 3506 lactei
732 3451 801 3505 solet
823 3451 948 3521 deperire
998 3452 1188 3507 ostentationis
1199 3450 1327 3521 jactantia
1338 3465 1391 3506 nun
1404 3447 1699 3507 babet.Gloiismsuam
1714 3449 1783 3503 Pau·

156 3533 186 3573 ιιι
200 3519 292 3586 pueris
305 3519 441 3573 abscissis.
463 3520 525 3574 tuit
537 3531 625 3574 autem
638 3521 806 3576 consuetudo
831 3533 858 3577 et
874 3522 947 3590 apud
997 3521 1041 3575 lus
1053 3521 1234 3577 testimonium
1249 3520 1422 3576 conscientie
1437 3531 1579 3583 memorat,
1592 3520 1654 3588 qnia
1667 3519 1730 3571 dum
1743 3520 1782 3571 la·

157 3591 297 3655 anitiquus,
311 3586 450 3642 eunucbus
465 3602 560 3641 vocare
582 3589 761 3642 cubicularios
778 3599 805 3644 et
821 3591 948 3645 custodes
997 3604 1077 3645 sores
1089 3595 1144 3645 oris
1154 3590 1236 3644 alieni
1250 3603 1303 3642 non
1318 3591 1431 3657 appetit,
1446 3590 1508 3642 nite
1522 3603 1579 3643 snm
1595 3588 1691 3658 gaudia
1706 3596 1781 3641 extro

157 3657 262 3726 palatii,
278 3658 322 3727 qui
337 3672 434 3712 uxores
447 3656 629 3722 habebunt,et
642 3656 754 3711 abscissi
766 3672 879 3727 corpore
892 3674 946 3714 ooo
1000 3662 1175 3727 semetipsum
1194 3671 1296 3726 ponere
1315 3656 1430 3724 ignorat.
1452 3657 1614 3712 occultanda
1635 3666 1698 3710 siant
1718 3669 1783 3726 ergo

156 3726 278 3780 luerunt.
999 3740 1061 3796 ιιι
1076 3728 1191 3797 agimus.
1207 3740 1242 3780 ns
1256 3725 1352 3780 bacin
1376 3726 1454 3794 liujus
1475 3728 1538 3781 ritae
1560 3725 1657 3779 itinere
1676 3726 1783 3781 incenis

194 3796 315 3866 Dicitque
329 3795 464 3860 Euchios,
479 3795 581 3851 Dorium
590 3795 691 3850 unium
708 3794 813 3850 Domini
824 3796 892 3866 quod
905 3796 945 3851 la·
999 3805 1139 3865 portantes
1152 3795 1367 3852 latrocinantium
1384 3796 1527 3866 spirituum
1551 3794 1704 3870 iacucslune
1721 3807 1785 3863 pec»

157 3874 232 3922 culus
245 3879 281 3922 ιιι
290 3881 300 3928 ,’
314 3867 361 3936 fiat
375 3875 474 3920 tantum
487 3882 539 3937 pas
556 3868 582 3921 in
603 3867 693 3921 diebus
707 3867 778 3919 meis.
800 3866 827 3921 ln
845 3881 898 3935 quo
912 3867 945 3923 ab
997 3865 1103 3923 damus.
1148 3862 1156 3878 ⁸
1603 3928 1608 3937 ¹

158 3938 279 3993 ileliraeis
294 3937 508 4005 reprelienditur.
523 3952 570 3992 cur
586 3951 638 3990 nnn
651 3936 686 3990 sit
707 3937 826 3991 imitatus
839 3935 944 3993 bonita-
1034 3935 1119 3993 XXX.
1136 3935 1176 3993 De
1188 3936 1310 3994 Μαιιιιιιι
1320 3953 1389 4011 rege.
1403 3936 1434 3994 li
1447 3937 1514 4009 lieg.
1531 3952 1586 3992 xxi.
1596 3966 1632 3977 -
1642 3936 1782 3991 Duodecim

158 4019 213 4060 teni
227 4006 336 4077 bloysis,
350 4007 397 4075 qui
413 4007 564 4061 locutusest
577 4006 610 4061 ad
619 4005 721 4059 Deum:
736 4004 786 4058 dut
798 4006 944 4063 dimitteris
998 4022 1125 4062 annorum
1138 4019 1193 4062 erat
1208 4007 1340 4064 Monuisse
1349 4025 1411 4080 ,cum
1422 4023 1530 4082 regnare
1540 4007 1662 4077 cupisset,
1673 4016 1696 4060 ιι
1708 4006 1784 4075 qain-

156 4078 226 4129 ltanc
239 4091 343 4142 nasum,
363 4084 408 4129 aut
422 4078 444 4132 ri
457 4093 507 4131 non
525 4076 615 4200 [acie]
630 4074 687 4129 dele
700 4092 740 4129 me
753 4075 785 4129 tle
799 4075 863 4129 libro
873 4092 947 4143 quem
998 4078 1121 4150 quaginta
1131 4078 1242 4148 quinqua
1252 4080 1326 4132 antris
1335 4080 1448 4149 regnauit
1458 4082 1484 4132 in
1495 4077 1665 4142 Hierusalem,
1676 4076 1784 4146 lecitque

156 4147 283 4210 scripsisti
321 4145 404 4199 deod.
425 4162 524 4201 xxiii.
569 4150 594 4200 ui

157 4218 292 4271 sententia
303 4147 396 4270 bontra
412 4147 672 4281 EaecblamQregem,
694 4215 747 4271 nisi
765 4218 948 4286 arrogantium
998 4217 1090 4272 deleuit
1109 4216 1235 4272 Dominus
1251 4219 1474 4290 uindemiarum
1489 4214 1587 4282 lsrael,
1602 4230 1783 4282 conuersusque

157 4285 359 4356 hypocritarum
370 4285 549 4357 cogitationes
562 4300 626 4339 suas
652 4284 679 4339 in
692 4285 950 4356 exquirendabumi-
998 4296 1037 4342 ιιι
1046 4295 1069 4341 ιι
1080 4287 1217 4357 aedificarit
1229 4289 1328 4343 sacelm
1336 4304 1392 4356 qaoe
1399 4289 1563 4353 dissipaverat
1573 4285 1696 4341 Eserbias
1709 4294 1782 4354 pater

158 4370 224 4410 num
244 4355 421 4410 admiratione
439 4357 589 4428 signiticati
608 4355 660 4410 Per
682 4370 762 4410 omne
786 4357 857 4411 enim
875 4359 947 4426 qnod
997 4359 1071 4422 e'us,·
1085 4366 1109 4410 ιι
1131 4361 1211 4412 erasit
1228 4374 1288 4412 aras
1308 4356 1374 4412 Baal
1390 4368 1414 4411 et
1434 4360 1493 4429 fecit
1508 4357 1593 4420 lucas,
1610 4357 1676 4410 sicut
1690 4357 1784 4424 [ecerat

158 4423 307 4498 hypocritae
320 4423 432 4495 iaciunt,
446 4427 559 4482 occultis
572 4424 779 4496 cogitationibus
794 4425 887 4481 laudes
898 4430 946 4482 bo·
998 4377 1086 4481 ,lebab
1098 4443 1144 4482 rea
1156 4425 1251 4491 lsrael,
1264 4440 1290 4485 er
1306 4428 1422 4481 adorauit
1436 4443 1534 4480 omnem
1553 4427 1671 4479 militiam
1685 4427 1742 4479 carli
1759 4433 1783 4479 ιι

157 4495 261 4550 rninum
276 4499 426 4565 requirunt.
439 4495 582 4565 Dperatori
595 4496 694 4566 qnippe
706 4495 800 4549 laudes
817 4509 880 4550 suas
899 4512 945 4553 cu·
957 4490 984 4551 l)
997 4497 1076 4551 coluit
1086 4513 1153 4560 eom,
1167 4506 1192 4551 ιι
1204 4499 1329 4552 cedrusii
1342 4512 1401 4550 aras
1421 4498 1447 4550 in
1459 4497 1535 4549 domo
1554 4494 1668 4562 Domini,
1684 4496 1716 4549 de
1732 4510 1783 4565 qun

157 4565 261 4634 gitant;
275 4566 373 4620 laudati
387 4576 476 4622 autem
492 4581 584 4621 secum
608 4567 680 4620 taciti
694 4565 720 4618 in
740 4566 947 4634 cogitationibus
998 4566 1065 4622 dicit
1082 4567 1207 4621 Dominus
1222 4566 1276 4622 :ln
1291 4564 1453 4620 Hierusalem
1472 4582 1566 4635 ponam
1579 4578 1782 4630 aomanorum:

156 4646 276 4700 versant,
288 4637 405 4704 gaudent
418 4651 448 4691 se
463 4636 587 4704 precibus
597 4636 623 4689 in
633 4635 748 4690 bumana
756 4645 832 4690 reste
841 4637 947 4695 actione
996 4644 1023 4690 ιι
1043 4638 1169 4690 exstruxit
1188 4635 1284 4691 altaria
1304 4637 1427 4691 anisam
1447 4635 1546 4689 militie
1564 4635 1620 4690 coeli
1637 4634 1664 4688 in
1683 4633 1782 4689 duobus

155 4703 296 4761 claruisse.
311 4706 433 4776 Cumque
446 4706 530 4761 inflati
547 4706 682 4760 latoribus
699 4705 769 4773 apud
783 4707 947 4775 semetipsos
996 4707 1070 4760 atriis
1091 4706 1189 4777 templi,
1204 4715 1227 4761 ιι
1246 4706 1391 4760 transducit
1407 4705 1491 4774 pilium
1504 4722 1578 4759 ιιιιιιιι
1590 4704 1657 4775 peri
1675 4720 1743 4771 aem,
1758 4713 1782 4758 ιι

155 4772 351 4843 intumescunt,
369 4788 441 4844 saepe
457 4775 589 4831 miseritur
608 4775 680 4830 taciti
699 4776 780 4829 etiam
803 4774 854 4845 ipsi
873 4777 945 4846 quod
995 4775 1120 4830 ariolatus
1128 4785 1174 4841 ιιι,
1191 4786 1215 4831 ιι
1224 4776 1363 4830 obsecrauit
1373 4776 1497 4845 auguria,·
1510 4785 1533 4828 ιι
1542 4775 1602 4842 [ιιι
1613 4722 1746 4845 syllanus,
1759 4781 1783 4828 ιι

154 4855 235 4911 sunt,
250 4846 333 4901 sideri
346 4847 466 4916 quotidie
483 4845 636 4915 semetipsis
649 4844 760 4900 altiores
776 4846 898 4911 cupiunt,
913 4861 945 4903 ac
995 4846 1125 4914 aruspices
1139 4844 1325 4918 multiplicavit,
1340 4854 1368 4899 ut
1383 4849 1476 4916 {acerct
1489 4846 1681 4900 malamcorom
1692 4842 1783 4898 Dami-

154 4913 233 4971 miris
250 4915 449 4971 inventionibus
470 4918 498 4971 iu
512 4930 595 4984 opere
606 4921 784 4970 excrescunt:
797 4916 859 4984 quia
875 4917 946 4973 sicut
995 4931 1029 4969 no
1043 4925 1068 4969 et
1082 4916 1193 4971 irritaret
1204 4932 1271 4969 eum.
1286 4915 1349 4970 llaec
1361 4930 1425 4986 ergo
1440 4915 1541 4980 omnia,
1556 4915 1582 4969 id
1595 4923 1646 4977 est,
1662 4915 1719 4970 sive
1731 4927 1781 4966 au·

154 4984 270 5041 virtutes
284 5000 365 5041 omne
377 4987 471 5041 vitium
487 4994 626 5050 enervant,
641 4984 682 5038 sic
698 4986 852 5054 arrogantia
867 4986 946 5040 robo·
993 4985 1112 5054 guratiu,
1133 4989 1190 5041 sire
1214 4985 1374 5056 auspicium,
1394 4985 1451 5040 sire
1474 4985 1600 5051 qualibet
1621 4982 1780 5049 immolatio,

153 5063 216 5111 rat:
231 5059 304 5126 cogit
322 5071 438 5124 namque
453 5068 571 5112 mentem
592 5055 782 5125 juvenescere,
801 5065 828 5109 et
849 5065 943 5111 contra
993 5055 1053 5110 sive
1067 5057 1147 5110 etiam
1159 5056 1281 5121 sortitio,
1297 5062 1343 5109 aut
1354 5053 1517 5124 quicumque
1533 5060 1620 5108 motus
1633 5052 1722 5107 auium
1738 5053 1781 5107 uel

153 5124 228 5180 vires
241 5127 332 5181 ualere
345 5142 353 5178 a
368 5128 431 5193 quia
446 5137 473 5181 et
486 5127 557 5196 quod
569 5132 649 5191 negat
671 5125 747 5194 rigor
767 5125 942 5194 ualetudinis,
993 5125 1138 5193 pecudum,
1152 5138 1177 5179 et
1192 5125 1323 5195 inspectio
1335 5139 1510 5206 quecumque
1522 5121 1660 5188 librarum,
1674 5131 1720 5177 aut
1733 5121 1783 5176 ali·

152 5193 354 5265 imperatarum
366 5194 464 5250 laudis.
474 5196 552 5251 Unde
566 5203 595 5250 et
605 5194 682 5250 lactis
694 5194 760 5260 suis,
774 5194 942 5262 utdiximns,
992 5195 1057 5263 quid
1072 5195 1143 5265 quod
1161 5195 1196 5250 de
1213 5194 1311 5250 lutaris
1326 5198 1450 5249 uideatur
1463 5192 1624 5261 ostendere,
1640 5193 1666 5246 in
1686 5205 1783 5259 opera·

152 5264 271 5321 arbitrus
284 5266 437 5334 inquirunt;
451 5265 474 5320 si
491 5281 555 5321 vero
569 5267 646 5334 operi
665 5272 749 5320 testes
763 5264 861 5320 deesse
873 5279 942 5320 con·
993 5264 1068 5319 tione
1089 5264 1242 5320 daemonum
1264 5263 1322 5319 lieri
1345 5278 1399 5318 nun
1421 5263 1532 5327 dubito,
1554 5261 1722 5332 diligentium
1738 5260 1782 5316 uel

152 5332 250 5402 tingat,
270 5345 381 5391 narrant
404 5335 456 5405 ipsi
475 5350 536 5406 quae
550 5335 693 5406 gesserint.
710 5334 832 5406 Cumque
851 5333 943 5391 elicrri
993 5335 1083 5389 auium
1095 5336 1137 5391 uel
1152 5334 1294 5404 pecudum,
1309 5333 1351 5387 rel
1367 5334 1494 5387 fibrarum
1510 5340 1599 5388 motus
1612 5342 1656 5386 ant
1667 5331 1781 5385 sortium

151 5401 290 5462 tavortbm
300 5406 442 5473 coeperlnt,
457 5420 531 5474 saepe
542 5405 645 5461 eisdem
657 5404 785 5474 operibus
799 5405 867 5471 suis,
883 5419 943 5475 quae
994 5404 1142 5460 sesualdum
1157 5418 1189 5460 ea
1210 5404 1284 5474 signa
1299 5417 1359 5473 quas
1373 5402 1523 5458 docuerunt
1540 5401 1621 5456 iidem
1644 5400 1785 5458 demones

150 5475 241 5542 egisse
260 5491 291 5531 se
310 5473 441 5543 reiciunt,
469 5476 624 5532 mentiendo
649 5475 750 5543 aliquid
783 5475 943 5546 adjungunt.
994 5473 1133 5529 observari
1147 5473 1182 5528 ab
1197 5475 1238 5528 bis
1251 5474 1348 5543 qulbus
1367 5474 1435 5528 artis
1453 5472 1531 5539 binius
1544 5471 1683 5526 scientiam
1700 5469 1782 5526 tradi·

149 5539 218 5598 Cum
233 5554 335 5601 veroet
346 5561 408 5602 iera
419 5545 522 5613 dicunt,
535 5545 593 5601 baec
603 5544 719 5600 dicendo
731 5545 818 5600 aliena
830 5545 943 5612 iaciunt,
994 5543 1108 5609 deruot;
1123 5559 1139 5598 a
1153 5544 1250 5615 quibos
1261 5542 1386 5599 omnibus
1400 5542 1424 5596 is
1437 5542 1480 5609 qui
1494 5541 1574 5596 ionio
1587 5540 1634 5598 Dei
1648 5550 1700 5607 est,
1714 5549 1744 5595 et
1754 5539 1781 5597 iti

149 5614 213 5682 quia
225 5614 347 5686 quaesitis
360 5615 526 5672 remunerati
540 5615 688 5683 latoribus,
703 5631 717 5669 a
733 5631 796 5670 nera
809 5627 836 5672 et
847 5615 942 5671 intima
995 5616 1120 5684 portione
1133 5614 1180 5669 Dei
1192 5624 1361 5679 numeratus,
1372 5611 1480 5682 penitus
1492 5610 1572 5666 debet
1587 5625 1647 5666 esso
1659 5611 1782 5677 alicniiap

149 5684 329 5742 retributione
349 5694 455 5741 vacant.
478 5686 506 5740 Ιιι
521 5700 554 5741 eo
568 5685 640 5741 enim
659 5685 730 5754 quod
747 5686 817 5742 bona
833 5699 882 5740 sita
897 5700 943 5755 pa·
995 5699 1046 5740 nec
1064 5683 1167 5755 aliquid
1189 5684 1216 5740 in
1235 5682 1278 5738 bis
1298 5680 1400 5738 babere
1418 5694 1576 5746 commune,
1590 5695 1651 5751 quse
1669 5680 1783 5736 occultis

149 5753 288 5821 tetselini,
313 5755 459 5813 ostendunt
479 5755 603 5826 malignis
623 5755 761 5825 spiritibus
776 5756 852 5826 quasi
875 5755 941 5811 insi·
995 5755 1128 5814 machinis
1141 5755 1278 5813 demones
1294 5757 1453 5823 operantur,
1469 5764 1503 5808 ne
1525 5751 1594 5807 ioris
1617 5765 1710 5808 rursus
1730 5763 1779 5823 par

642 4145 694 4201 buc
724 4145 786 4201 loco
809 4147 949 4215 propbelae
999 4146 1096 4201 malum
1108 4149 1135 4201 in
1151 4157 1286 4218 conspecta
1301 4147 1406 4202 Domini
1414 4150 1491 4219 juata
1502 4148 1572 4201 idolo
1583 4148 1706 4218 gentium,
1719 4161 1783 4215 quas
