4009 6184
189 405 241 462 (57

185 540 263 595 ritate
274 539 352 596 unius
364 540 535 614 ejusdemque
545 561 673 615 persona,
687 548 713 602 in
723 558 851 605 aternum
862 569 967 624 quoqne

183 637 336 697 pemanmt
346 632 492 700 proprietas
506 633 709 706 utriuscujusque
722 646 835 705 naturam
849 657 901 710 quo
914 646 966 698 sci-

182 714 243 771 lieet
256 732 304 774 nec
317 718 431 788 unquam
444 721 513 776 heus
525 737 621 792 eorpus
639 740 698 781 esse
715 728 835 797 incipiat,
850 747 898 786 nce
917 734 965 787 ali-

180 804 286 872 quando
296 821 403 876 corpus,
423 824 518 879 corpus
531 826 590 866 esse
604 813 722 869 desistat.
736 815 811 882 Quod
823 822 901 873 etiarn
916 821 964 877 hu-

178 906 265 948 manm
274 895 431 951 conditionis
443 897 639 957 demonstratur
650 907 780 973 exemplo.
793 908 882 978 Neque
892 915 961 966 enirn

178 983 204 1033 in
215 985 338 1051 prasenti
349 993 460 1051 ιιιιιιιιι,
472 987 519 1043 ιιι
529 989 554 1043 in
564 989 771 1063 irrtrrroquoque,
783 1000 962 1070 unusquisque

177 1069 314 1125 hurninunr
333 1088 366 1128 cx
382 1076 468 1130 anima
482 1080 612 1132 constabit
624 1089 650 1133 et
666 1096 790 1152 corpore,
808 1101 855 1139 uec
873 1095 960 1144 tarnen

175 1176 292 1230 rrirqnam
304 1171 348 1216 aut
360 1179 454 1234 corpus
465 1167 491 1220 in
509 1168 623 1222 animam
638 1179 684 1224 aut
699 1173 786 1226 aniana
802 1184 919 1231 vertetur
934 1180 958 1233 in

174 1264 285 1318 corpus,
296 1251 343 1305 sed
354 1268 511 1324 unoquoque
524 1247 657 1312 lionriuum
672 1260 728 1315 sine
743 1261 794 1316 line
807 1264 917 1330 victuro,
932 1268 958 1321 in

173 1353 332 1409 uniuquoque
351 1340 487 1397 hominum
507 1345 564 1400 sine
583 1345 633 1401 hue
654 1351 803 1406 necessario
823 1354 958 1424 utriusque

190 1425 329 1482 abstantia
342 1429 487 1484 differentia
501 1435 673 1501 permanehit.
686 1436 723 1490 lta
735 1438 760 1491 in
772 1438 878 1496 Christo
889 1459 956 1512 quo·

167 1529 225 1600 ppre
238 1516 373 1586 utriusque
384 1519 537 1574 substantie
551 1537 598 1576 sua
612 1526 706 1594 cuique
717 1527 742 1580 in
753 1535 880 1584 :eternum
892 1547 956 1600 pro-

171 1603 287 1671 prietas,
317 1607 387 1661 salua
416 1617 501 1664 tannen
528 1625 646 1679 persona
667 1617 787 1685 unitate,
819 1622 954 1677 retinenda

169 1702 221 1747 est.
543 1691 549 1700 '

123 1813 126 1818 »
205 1781 273 1836 lliV.
285 1784 339 1841 Sed
350 1802 410 1843 cum
423 1806 561 1859 personam
572 1797 670 1866 saepius
685 1801 861 1873 nominamus,
873 1817 899 1863 et
910 1809 952 1864 di-

168 1871 255 1927 cimus
265 1874 334 1944 quod
345 1876 414 1932 Deus
424 1894 471 1946 per
483 1897 621 1950 personam
633 1885 712 1942 homo
723 1889 806 1946 iaetus
819 1895 862 1960 sit,
871 1898 952 1953 rehe-

167 1969 272 2016 tuenter
283 1964 427 2021 verendum
448 1976 490 2023 est
508 1986 542 2026 ne
554 1972 605 2028 hoc
624 1975 713 2032 dicere
730 1980 866 2039 uideamur
879 1988 950 2056 qued

165 2046 239 2102 Deus
248 2051 357 2106 verboru
370 2055 425 2108 sola
438 2055 583 2115 imitatione
596 2064 705 2119 aetionis
717 2083 776 2136 (ιιι
787 2081 848 2127 sunt
860 2084 948 2131 nostra

163 2143 323 2209 susceperit,
339 2151 366 2198 ιι
384 2146 509 2217 quidquid
529 2150 590 2206 illud
609 2163 650 2208 est
669 2162 878 2219 conuersationis
896 2165 947 2222 hu·

164 2242 260 2294 maure,
271 2233 347 2299 quasi
357 2234 537 2305 adumbratus,
551 2255 602 2294 non
614 2245 688 2311 quasi
697 2261 775 2302 verus
787 2249 866 2307 homo
877 2254 947 2312 iece-

162 2318 214 2382 rit;
227 2320 296 2373 sieut
305 2320 332 2375 in
343 2321 451 2380 theatris
464 2325 519 2380 heri
528 2329 604 2396 solet,
613 2331 657 2386 ubi
668 2349 736 2390 unus
746 2337 837 2406 plures
846 2341 947 2416 effingit

161 2417 272 2476 repente
282 2425 418 2480 personas,
430 2431 542 2486 quartum
554 2419 611 2488 ipse
621 2424 692 2478 nulia
705 2435 754 2481 est.
766 2428 946 2496 Quotieseum

160 2514 216 2567 que
227 2501 324 2556 etenim
337 2504 422 2575 aliqua
436 2509 578 2578 suscipitur
589 2511 701 2570 imitatio
713 2520 824 2576 actionis
838 2524 941 2595 alienae,

158 2585 198 2640 ita
208 2589 413 2647 aliorumeihcia
423 2604 469 2649 aut
478 2611 558 2664 opera
567 2607 712 2671 patrantur,
724 2615 752 2661 ut
762 2615 848 2666 ιιιιιιιι
859 2611 886 2667 hi
897 2617 942 2685 qui

155 2685 251 2744 agaret,
262 2693 315 2733 non
323 2680 376 2736 sint
387 2682 435 2751 ipsi
446 2700 513 2753 quos
522 2696 612 2756 aqunt.
625 2690 716 2763 Neque
725 2698 797 2752 eaba
809 2699 857 2769 (ιιι,
868 2703 941 2759 verbi

153 2766 252 2831 pratia,
266 2770 422 2826 secularium
433 2781 459 2827 et
469 2774 669 2835 Manichaeorum
683 2783 720 2854 (i)
732 2794 837 2844 ιιιιιιιιιι
848 2806 940 2848 exem·

154 2854 230 2925 plis),
241 2871 301 2911 eum
317 2867 391 2914 achar
409 2866 521 2933 tragicus
538 2867 706 2928 Sacerdotem
724 2875 824 2947 elliugit
838 2888 941 2938 autre·

153 2960 228 3014 gem,
240 2948 363 3004 sacerdos
373 2960 419 3005 aut
430 2968 477 3008 res
494 2966 543 3011 est.
554 2958 620 3014 Nam
632 2961 768 3020 desinente
783 2975 842 3023 actu
860 2971 939 3028 ιιιιιιιι

151 3042 185 3087 ιι
195 3049 226 3089 ιι
241 3051 320 3106 quam
335 3051 488 3111 susceperat
504 3060 616 3114 persona
636 3051 748 3108 desistit.
766 3057 842 3112 Absit
861 3059 938 3117 hoca

150 3125 937 3208 nebisuelariumscelestumquelndibriurn.Naniebaeorum

148 3215 190 3269 sit
205 3217 255 3272 ista
269 3219 416 3288 dementia;
429 3226 474 3294 qui
492 3227 637 3296 phantasia
652 3236 846 3306 predicatores,
864 3245 937 3301 aiunt

148 3306 250 3361 Filium
262 3309 309 3363 bei
323 3311 415 3378 ileum,
431 3330 571 3384 personam
589 3320 703 3379 hominis
721 3341 773 3381 non
790 3331 935 3390 ιιιιιιιιιιιι

147 3398 281 3466 extitisse,
296 3401 344 3455 sed
360 3412 421 3458 actu
437 3410 554 3473 putativo
567 3414 682 3481 quodam
695 3425 723 3472 et
735 3425 935 3483 conversatione

145 3483 299 3543 simulasse.
311 3487 444 3547 Catirolica
459 3512 521 3553 rere
534 3498 599 3555 iides
612 3502 648 3556 ita
662 3505 777 3562 Verbum
789 3511 835 3566 bei
847 3513 934 3570 homi-

145 3588 213 3627 nem
222 3573 319 3631 iactum
331 3593 391 3636 esse
400 3582 473 3651 dicit,
488 3595 517 3640 ut
526 3604 585 3658 qum
596 3600 686 3647 nostra
698 3605 768 3663 sant,
778 3614 830 3655 riou
840 3602 935 3661 laliaci

143 3668 192 3716 ter
201 3670 229 3717 et
241 3664 404 3737 adumbrate,
413 3673 460 3727 sed
472 3690 534 3731 rere
549 3693 727 3753 expresseque
737 3689 891 3760 susciperet,
906 3704 934 3750 et

110 3797 120 3810 ,
142 3764 293 3822 quaerant
312 3756 436 3828 humana,
448 3779 501 3819 nou
517 3770 591 3837 quasi
611 3771 697 3827 aliena
714 3775 871 3850 imitaretur,
885 3786 931 3840 sed

141 3842 236 3908 potius
251 3851 281 3897 ut
296 3858 343 3899 sua
364 3858 483 3916 gererem
498 3863 526 3908 et
542 3871 651 3924 prorsus
670 3864 741 3932 quod
761 3867 864 3936 agebat,
881 3871 932 3928 hoc

137 3929 227 3982 etiam
236 3940 316 3987 esset.
327 3934 401 3991 Sicut
410 3938 459 4007 ipsi
467 3956 626 4016 nosqueque
636 3949 778 4022 incoquod
788 3955 929 4029 loquimur,

138 4018 402 4091 sapimus,virimus,
409 4029 586 4102 subsistimus,
596 4052 648 4092 nen
657 4038 790 4100 imitamur
797 4045 928 4120 homines,

137 4105 193 4160 sed
203 4120 305 4164 sarnus.
317 4111 406 4182 Neque
418 4119 489 4172 enim
502 4119 596 4178 Petrus
606 4134 634 4180 et
644 4127 770 4200 ioarrnes,
782 4144 812 4190 ιιι
823 4154 870 4194 ees
879 4157 928 4210 po-

138 4195 276 4251 tissimum
286 4201 430 4269 nominem,
442 4207 568 4268 imitando
579 4225 655 4272 erant
664 4219 795 4294 homines,
808 4230 854 4284 sed
865 4234 928 4288 sub-

137 4283 274 4341 sistendo.
286 4287 376 4359 Neque
393 4295 464 4349 enim
486 4298 583 4357 Paulus
598 4306 739 4366 simulabat
761 4316 925 4391 Apostolum,

137 4379 187 4427 sut
200 4372 315 4445 fingebat
324 4378 433 4437 Paulum
443 4402 450 4449 ;
462 4387 508 4441 sed
521 4400 577 4446 erat
591 4394 744 4468 apostotus,
759 4412 787 4458 et
796 4408 925 4467 subsiste·

136 4464 184 4517 hat
204 4465 311 4523 Paulus.
328 4469 366 4524 lta
385 4475 465 4530 etiam
486 4478 557 4536 Iteus
576 4484 691 4544 Verbum
714 4493 878 4556 adsumendo
898 4514 925 4561 ιι

136 4551 264 4608 habendo
284 4563 561 4638 camem,loquendo‚
585 4572 713 4645 iaciendo,
732 4586 855 4652 patiendo
878 4609 925 4661 per

136 4657 260 4710 mrnem,
272 4646 330 4703 sine
342 4651 393 4705 ulia
405 4662 492 4712 maren
503 4675 557 4715 suae
573 4670 741 4737 coemptione
751 4685 861 4747 naturae,
873 4683 924 4741 hoc

134 4734 249 4787 omnino
264 4747 389 4802 prestare
405 4741 578 4814 dignatusest
589 4755 759 4817 othuminem
778 4769 922 4835 perlectum

133 4838 189 4877 nen
209 4825 357 4885 haitaretur
374 4841 420 4888 aut
433 4836 552 4909 lingeret,
570 4846 617 4899 sed
636 4850 782 4923 exhiberet,
799 4870 828 4914 ut
842 4862 922 4921 homo

65 4952 72 4965 ,
133 4924 216 4966 verus
225 4928 279 4968 non
287 4917 421 4978 videretur
429 4935 475 4980 aut
484 4939 628 5002 putaretur,
640 4941 686 4994 sed
696 4953 767 4999 essct
777 4955 922 5019 atquesub

130 5000 253 5056 sisteret.
265 5001 345 5074 igitur
356 5009 423 5067 sieut
433 5016 520 5071 anima
535 5035 653 5079 eonrrexa
664 5033 746 5099 mmi,
762 5051 812 5091 noe
821 5039 848 5094 in
860 5057 919 5098 ear-

130 5102 195 5142 nem
217 5098 305 5148 ιιιιιιιι
323 5111 413 5168 ιιιιι,
434 5119 488 5159 rien
508 5108 626 5169 linietur
646 5115 789 5192 hominem,
811 5131 857 5186 sed
878 5143 920 5190 est

129 5173 225 5244 homo,
239 5183 356 5243 ethome
372 5206 425 5246 tion
441 5211 490 5264 per
505 5200 710 5279 simulationem,
724 5217 770 5270 sed
790 5236 837 5289 per
856 5226 919 5280 sub-

65 5267 70 5280 ’
128 5271 270 5338 stantiam,
282 5275 317 5330 ita
327 5282 406 5337 etiam
418 5287 532 5345 Verbum
544 5293 622 5363 Deus,
635 5301 734 5373 absque
746 5307 797 5363 ulla
808 5316 848 5368 sul
858 5330 918 5372 con·

167 5377 207 5444 (ll
228 5379 377 5442 Arbitratur
394 5392 515 5454 llaluzius
527 5416 542 5455 a
555 5406 637 5462 sciolo
655 5414 768 5480 quedam
786 5421 915 5488 adjectam

128 5445 215 5502 inisse
231 5455 382 5518 parenthesi
400 5463 598 5527 Manichaeorum
614 5494 705 5535 vocem
720 5503 726 5537 :
742 5488 786 5555 qui
801 5492 915 5549 Vincen-

128 5515 198 5569 tinm
208 5533 262 5572 nou
272 5521 427 5597 intelligens,
438 5540 539 5604 putauit
547 5552 767 5615 comparationem
778 5574 836 5614 eant
847 5567 914 5621 sumi

126 5598 143 5636 a
159 5585 319 5646 Nanichaeis.
331 5597 430 5654 lleiride
439 5605 472 5658 ad
490 5623 567 5665 uoces
581 5613 741 5674 Sacerdotula
751 5627 856 5700 stirpis,
867 5636 911 5700 ait,

126 5656 265 5722 traqtedes
286 5671 312 5716 et
328 5672 461 5726 censuales
481 5675 596 5736 induisse
612 5694 696 5753 palam
717 5693 837 5769 Episcopi
861 5721 911 5758 ier·

126 5736 238 5789 ιιιιιιιιι,
249 5744 302 5785 non
315 5748 391 5792 secus
401 5757 431 5794 ac
441 5744 550 5802 aliorum
562 5751 706 5811 iroirrinuru.

761 389 1046 514 eouiuouironiuu
1067 433 1208 495 runtun.

1749 481 1802 541 658

1019 561 1150 630 versione,
1168 566 1283 624 sarriendo
1301 583 1331 625 se
1350 571 1459 645 homini,
1474 594 1525 634 riou
1542 584 1737 660 confundendo,
1748 611 1801 654 utre

1020 647 1146 706 imitando
1156 652 1240 711 iactus
1253 666 1294 713 est
1303 660 1393 730 homo,
1406 665 1453 721 sed
1466 670 1645 731 subsistendo.
1656 680 1801 749 abiicistm

1018 754 1081 811 ergo
1099 749 1153 799 tota
1167 749 1274 815 peritias
1286 766 1407 820 persone
1417 758 1485 816 illius
1496 762 1667 837 intelligentia
1677 787 1736 842 qam
1748 776 1800 831 iln-

1017 832 1104 899 qendo
1121 835 1267 896 imitatione
1288 847 1438 915 suscipitur,
1456 852 1501 908 uhi
1514 869 1619 927 semper
1635 861 1702 918 ιιιιιι
1719 876 1762 922 ιιι
1772 877 1800 924 ιι

1016 921 1086 976 aliod
1096 923 1243 996 simulatur,
1254 932 1297 986 ubi
1309 934 1354 989 ilie
1363 939 1407 1006 qui
1417 942 1480 1009 agit,
1491 959 1624 1017 nunquam
1637 951 1660 1005 is
1669 963 1710 1008 est
1719 971 1797 1025 quern

1015 1011 1078 1080 agit.
1090 1013 1167 1069 nesii
1179 1020 1277 1073 etenim
1296 1032 1325 1075 ut
1336 1024 1387 1079 hoc
1407 1027 1491 1085 iallaei
1502 1036 1581 1090 modo
1601 1039 1671 1095 beas
1684 1043 1797 1103 Verbera

1014 1112 1153 1167 personant
1167 1106 1281 1165 hominis
1293 1118 1442 1185 suscepisse
1454 1123 1591 1190 credatur3
1606 1131 1699 1186 sedita
1711 1139 1799 1205 poliam

1014 1199 1042 1244 ut
1052 1192 1257 1255 inooiumutabili
1266 1216 1312 1257 sua
1323 1217 1446 1265 manente
1456 1213 1612 1284 substantia,
1625 1229 1651 1274 ct
1663 1222 1689 1276 in
1700 1239 1730 1279 se
1742 1241 1801 1295 per«

1013 1281 1073 1338 iccti
1095 1285 1209 1344 hominis
1230 1295 1397 1364 suscipiendo
1417 1310 1553 1372 naturam,
1575 1309 1631 1377 ipse
1651 1326 1722 1380 caro,
1740 1317 1796 1386 ipse

1011 1370 1100 1442 humo,
1113 1378 1169 1446 ipse
1180 1397 1293 1449 persona
1307 1386 1421 1446 bominis
1441 1397 1578 1465 existeret,
1590 1416 1643 1455 uon
1656 1404 1793 1463 simulato-

1010 1463 1058 1530 ria,
1073 1467 1120 1522 sed
1132 1485 1203 1538 vera,
1216 1489 1268 1528 non
1280 1476 1416 1548 imitativa,
1431 1486 1478 1540 scd
1492 1488 1665 1560 substantiva,
1682 1511 1735 1552 non
1744 1500 1791 1555 de-

1009 1555 1088 1625 nique
1099 1575 1157 1628 que
1167 1576 1227 1618 cum
1239 1568 1342 1625 actione
1352 1571 1500 1644 desisteret,
1513 1580 1559 1634 sed
1574 1598 1633 1653 quae
1646 1601 1754 1655 prorsus
1765 1593 1791 1646 in

1008 1646 1152 1706 substantia
1163 1669 1337 1722 permaneret.

1042 1737 1098 1794 NV.
1113 1741 1263 1816 llaociqitur
1282 1751 1308 1806 in
1322 1752 1427 1813 Christo
1445 1774 1566 1828 persone
1587 1768 1673 1823 unitas
1692 1786 1789 1842 nequa-
1823 1777 1830 1786 “

1006 1842 1085 1896 quam
1099 1841 1159 1900 post
1171 1825 1286 1907 Virginis
1295 1853 1409 1912 partum,
1419 1849 1467 1903 sed
1479 1851 1505 1904 in
1518 1853 1576 1921 ipso
1589 1856 1704 1927 Virginis
1715 1870 1789 1917 utere

1004 1930 1139 1988 compacta
1160 1933 1238 1996 atque
1257 1931 1372 1999 perlecta
1384 1944 1433 1991 ιιι.
1448 1934 1625 2000 Vehementer
1635 1950 1705 2004 enirn
1719 1967 1787 2019 prte-

1003 2018 1097 2063 eauere
1118 2010 1295 2083 debemusne
1310 2020 1508 2084 Christumnon
1526 2033 1606 2088 modo
1624 2052 1722 2105 uuum,
1740 2046 1786 2099 ιιι

1002 2095 1082 2150 etiam
1104 2113 1210 2171 semper
1231 2104 1310 2162 uirum
1332 2112 1524 2172 conliteamur:
1539 2121 1599 2189 quia
1622 2124 1784 2185 intoleranda

1001 2179 1164 2252 blasphemia
1175 2199 1216 2246 est
1228 2202 1257 2247 at
1266 2196 1368 2253 etiamsi
1379 2217 1450 2258 nuno
1460 2220 1520 2260 eum
1531 2224 1614 2264 unum
1622 2226 1684 2268 esse
1694 2228 1785 2272 conce

999 2266 1058 2336 das,
1072 2274 1212 2343 aliquande
1225 2289 1312 2339 tamen
1326 2279 1378 2342 rien
1391 2305 1483 2360 arrum,
1498 2295 1546 2350 sed
1555 2295 1623 2353 duos
1629 2298 1784 2358 hiisseeon-

999 2360 1102 2430 tendas,
1117 2381 1198 2423 unum
1210 2373 1311 2429 scilieet
1323 2386 1384 2445 post
1393 2388 1496 2452 tempos
1509 2385 1693 2458 baptismatis,
1716 2392 1783 2452 duos

998 2461 1062 2505 vero
1074 2453 1124 2508 sub
1137 2464 1256 2528 tempore
1269 2466 1423 2524 nativitatis.
1438 2471 1513 2538 Quod
1526 2475 1687 2536 immensum
1698 2485 1780 2538 sacri-

997 2536 1094 2609 leginm
1111 2560 1163 2602 nou
1180 2550 1257 2606 aliter
1268 2557 1386 2624 proiecte
1398 2562 1482 2619 vitare
1494 2567 1640 2633 poterimus
1658 2572 1708 2627 nisi
1722 2577 1781 2629 nni·

995 2635 1052 2684 turn
1077 2632 1211 2694 hominem
1231 2642 1305 2712 lieo,
1329 2649 1381 2705 sed
1396 2653 1496 2709 unitate
1513 2670 1655 2728 personae,
1681 2678 1734 2717 non
1748 2667 1782 2718 ah

994 2732 1123 2792 ascensu,
1137 2729 1179 2782 vei
1192 2737 1398 2806 resurreetione,
1412 2742 1454 2796 vel
1467 2743 1615 2813 baptismo,
1629 2749 1675 2804 sed
1684 2750 1739 2820 jam
1754 2755 1780 2808 in

995 2819 1097 2880 matre,
1118 2815 1172 2884 jam
1186 2820 1212 2875 iu
1226 2831 1316 2892 utero,
1337 2829 1393 2896 iarn
1414 2831 1528 2903 denique
1544 2837 1572 2891 in
1590 2837 1646 2907 ipsa
1659 2842 1779 2910 virginali

993 2905 1164 2971 conceptione
1178 2907 1306 2968 fateamur
1320 2933 1326 2968 :
1349 2927 1544 2992 propterquam
1558 2941 1678 2995 personae
1690 2933 1778 2986 unita·

992 2993 1045 3042 ιιιι
1068 2991 1247 3055 indiderenter
1268 3011 1346 3074 atque
1367 3012 1517 3078 promiscue
1534 3024 1561 3070 et
1578 3033 1637 3087 qum
1654 3020 1701 3077 Dei
1715 3033 1777 3078 ιιιιιι

991 3082 1096 3148 propria
1111 3085 1262 3145 tribuuntur
1274 3092 1388 3165 homini,
1403 3107 1431 3154 et
1442 3117 1501 3171 quie
1513 3107 1600 3162 camis
1613 3110 1718 3180 propria
1731 3114 1776 3169 ad⁴

990 3170 1141 3229 scribuntur
1153 3177 1217 3232 Deo.
1231 3180 1295 3238 lnde
1304 3193 1346 3240 est
1357 3189 1505 3260 enimquoil
1515 3194 1640 3253 divinitus
1649 3201 1775 3271 scripturn

990 3266 1032 3314 est
1043 3270 1070 3315 et
1081 3262 1162 3320 illium
1176 3267 1290 3328 hominis
1303 3274 1473 3337 descendisse
1484 3283 1517 3339 de
1530 3287 1617 3355 celo,
1641 3297 1668 3345 ιι
1684 3292 1775 3348 ilenri-

989 3362 1051 3403 num
1065 3354 1211 3424 majestatis
1222 3364 1376 3421 craeiilxnm
1389 3369 1415 3424 in
1429 3379 1518 3441 terra,
1543 3375 1618 3432 ioan.
1633 3380 1659 3434 ι.
1679 3381 1691 3434 l
1710 3383 1773 3439 Gor.

988 3437 1015 3491 2.
1031 3440 1093 3497 inde
1106 3446 1184 3502 etiam
1202 3458 1243 3506 est
1259 3462 1288 3508 ut
1300 3471 1380 3514 carne
1392 3461 1495 3518 Domini
1508 3464 1597 3536 iacta,
1621 3486 1701 3529 canae
1720 3476 1773 3531 be-

987 3530 1051 3586 mini
1064 3544 1163 3605 creata,
1176 3539 1261 3610 ipsum
1274 3546 1388 3605 Verbum
1400 3553 1447 3608 Dei
1461 3554 1567 3628 iactum,
1582 3561 1637 3630 ipsa
1646 3566 1772 3635 sapientia

986 3619 1034 3675 liei
1047 3623 1176 3696 impleta,
1202 3633 1311 3690 seientia
1324 3649 1412 3695 meata
1424 3643 1540 3713 dicatum
1563 3652 1632 3707 sicut
1653 3654 1678 3709 in
1704 3672 1771 3726 pra-v

986 3710 1094 3767 seientia
1107 3730 1201 3772 manus
1214 3722 1297 3790 ipsius
1309 3733 1336 3779 ιι
1350 3729 1431 3795 pedes
1453 3732 1511 3801 ejus
1530 3735 1594 3792 lessi
1618 3755 1678 3796 esse
1700 3746 1771 3801 reie-

984 3807 1087 3855 runtur.
1103 3803 1154 3859 Per
1168 3807 1252 3876 hanc,
1277 3814 1402 3883 inquam,
1431 3835 1551 3889 persona
1567 3830 1693 3887 unitatem
1707 3835 1770 3892 iliud

984 3901 1089 3959 quoque
1110 3894 1202 3951 similis
1224 3905 1343 3970 mysterii
1363 3908 1466 3964 ratione
1487 3914 1631 3981 perlectum
1651 3932 1714 3991 est,
1742 3937 1770 3983 ιιι

983 3991 1063 4034 came
1077 3981 1154 4039 Verbi
1168 4002 1201 4042 es
1214 3991 1316 4062 integra
1337 4006 1423 4054 matre
1443 4015 1590 4077 nascente,
1618 4012 1675 4082 ipse
1699 4017 1769 4072 lieris

983 4064 1099 4124 Verbum
1111 4083 1187 4131 nauis
1195 4094 1227 4132 ex
1238 4080 1346 4153 Virgine
1358 4089 1561 4154 catholicissime
1572 4103 1704 4174 credatur,
1719 4110 1768 4164 im-

981 4157 1100 4225 piissime
1111 4163 1263 4238 denegetur.
1287 4175 1423 4241 Quacum
1437 4184 1473 4239 ita
1486 4187 1553 4256 sint,
1571 4192 1640 4249 absit
1654 4206 1681 4251 ut
1693 4202 1767 4269 quis-

980 4261 1060 4318 quam
1080 4263 1197 4313 sanctam
1210 4241 1325 4319 ildariam
1349 4268 1444 4327 diuinae
1464 4279 1555 4345 gratius
1574 4284 1716 4358 privilegiis
1741 4302 1767 4346 et

980 4342 1087 4409 speciali
1099 4347 1181 4416 gloria
1198 4351 1321 4413 fraudare
1329 4373 1452 4419 conetur.
1478 4369 1526 4425 Est
1548 4376 1619 4430 enim
1642 4382 1765 4453 singulari

979 4431 1093 4498 quodam
1105 4436 1208 4495 bomini
1221 4445 1311 4500 achei
1324 4453 1417 4517 nostri,
1426 4454 1484 4511 Filii
1494 4467 1582 4517 ιιιιιιι
1591 4468 1640 4532 soi,
1655 4485 1765 4532 munere

978 4522 1116 4580 verissime
1125 4542 1156 4582 ae
1169 4529 1320 4592 beatissime
1332 4539 1457 4599 circatores
1469 4550 1632 4623 coufiteuda;
1651 4562 1697 4616 sed
1710 4581 1762 4621 non

977 4627 1011 4667 eo
1023 4615 1102 4670 rrrodo
1114 4619 1238 4676 theotocos
1251 4641 1303 4695 quo
1317 4629 1396 4699 impia
1408 4637 1529 4703 imaedam
1553 4640 1661 4703 heresis
1675 4655 1762 4723 snspt

976 4710 1066 4770 catur,
1079 4720 1139 4776 que
1151 4710 1250 4768 adserit
1261 4731 1320 4771 eam
1332 4719 1378 4775 hei
1392 4732 1502 4783 matrem
1521 4731 1577 4786 sola
1589 4738 1762 4806 appellatione

976 4790 1129 4864 dicendam,
1154 4802 1224 4870 quod
1239 4820 1299 4860 enm
1313 4810 1413 4867 scilicet
1426 4821 1559 4886 pepererit
1570 4822 1707 4884 bominem
1716 4836 1770 4902 qui»

975 4889 1068 4949 postea
1091 4884 1176 4944 lactus
1201 4902 1243 4948 est
1266 4895 1356 4965 licus;
1382 4903 1450 4959 sicut
1473 4907 1587 4968 dicimus
1610 4916 1760 4990 Presbyteri

974 4980 1096 5042 matrem,
1110 4987 1156 5032 aut
1167 4965 1289 5054 Episcopi
1299 4997 1425 5062 matrem,
1440 5012 1493 5052 nen
1503 5000 1559 5069 jam
1573 5003 1758 5079 Presbyterum

973 5070 1019 5117 aut
1031 5065 1189 5137 Episcopum
1202 5077 1348 5146 pariendo,
1373 5086 1421 5139 sed
1437 5103 1497 5143 eum
1510 5098 1659 5161 reiterando
1672 5099 1758 5159 homi-

973 5167 1034 5207 nem
1048 5157 1092 5224 qui
1107 5169 1198 5227 postea
1215 5164 1356 5239 Presbyter
1372 5175 1414 5229 nel
1431 5177 1578 5251 Episcopus
1599 5185 1684 5244 iactas
1706 5204 1755 5250 ιιι.

972 5239 1029 5324 Nou
1042 5245 1094 5313 ita,
1121 5250 1246 5321 inquam,
1271 5271 1361 5317 saneta
1374 5264 1453 5321 liaria
1466 5270 1592 5328 theotocos
1605 5318 1612 5343 ,
1636 5281 1683 5335 scd
1697 5283 1756 5341 ideo

972 5335 1059 5400 petihs
1071 5342 1210 5409 quoniam,
1226 5353 1254 5399 ut
1266 5362 1345 5419 supra
1357 5353 1455 5411 dictum
1468 5369 1522 5428 cst,
1534 5362 1589 5432 jam
1602 5367 1628 5422 in
1641 5370 1698 5439 ejus
1711 5390 1754 5431 sa-

971 5433 1131 5487 eratoutero
1143 5447 1339 5510 sacrosanctum
1362 5445 1424 5501 illud
1446 5454 1600 5522 mysterium
1617 5473 1754 5531 perpetra-

970 5522 1081 5582 tamesi,
1092 5519 1164 5590 ‚qtiod
1172 5536 1278 5595 propter
1287 5532 1445 5603 singularem
1454 5544 1594 5611 quamdam
1605 5558 1683 5620 atque
1697 5558 1752 5611 uni-

968 5617 1026 5657 cam
1041 5622 1159 5675 persiana.
1172 5616 1314 5687 unitatem,
1333 5623 1402 5679 sicut
1414 5627 1529 5686 Verbum
1542 5629 1662 5696 incanae
1674 5658 1750 5717 caro,

967 5690 1002 5744 ita
1016 5693 1095 5750 homo
1109 5699 1134 5753 in
1148 5702 1215 5768 beo,
1232 5707 1300 5764 ιιιιιι
1313 5718 1362 5765 ιιι.

1005 5782 1042 5834 ltl
1052 5785 1069 5836 l.
1091 5787 1142 5842 Sed
1160 5793 1213 5862 jam
1228 5813 1257 5850 ea
1272 5815 1327 5864 qim
1342 5818 1420 5872 supra
1432 5808 1464 5864 de
1477 5826 1628 5875 memoratis
1641 5819 1746 5882 heresi-
