4009 6184
291 279 358 337 1287

630 282 660 339 S.
680 280 810 339 bituiti!
830 279 1068 338 stetinensis
1088 278 1243 338 nebodet
1267 277 1448 336 ontisebtt
1467 277 1581 334 buotn.

1859 277 1940 333 ¹283

772 498 1035 585 METRUM
1061 498 1125 582 IN
1153 493 1435 588 GENESIM.

899 638 953 698 ru
975 636 1144 699 tuoneu
1165 634 1316 714 stetu,

478 761 570 840 Quod
584 759 709 824 Hilarii
721 759 913 824 Arelatensis
927 759 1068 841 episcopi
1081 758 1244 841 opusculis
1256 777 1275 820 o
1290 755 1455 833 Qnssnciio
1469 749 1640 833 subjectum
1656 751 1729 831 snit.

285 998 427 1056 Paruimus
441 994 562 1064 monitis,
576 1004 621 1050 tua
634 995 723 1052 dulcia
735 992 811 1064 jussu
825 988 930 1054 secuti,

320 1090 441 1145 Antistes
453 1086 564 1150 Christi,
577 1102 638 1156 quse
653 1096 666 1124 ⁸
679 1084 764 1140 dabas
778 1097 826 1137 ore
842 1080 898 1150 pio.

284 1180 326 1236 dn
339 1195 389 1251 ego
403 1193 457 1235 non
468 1193 596 1233 cauterem
611 1176 678 1232 tanti
693 1176 827 1245 preconia
840 1169 928 1225 Putris
945 1209 953 1233 ,

321 1270 418 1328 birinus
431 1283 552 1337 opusque
568 1268 627 1331 bei,
638 1264 701 1319 dum
715 1262 781 1318 mihi
791 1261 882 1330 lingue
893 1257 985 1313 iorctl

285 1361 377 1416 ilaucu
394 1359 515 1430 quidem,
529 1358 660 1422 stridens,
675 1364 703 1410 et
718 1351 889 1422 nuliisdigna
903 1347 1032 1412 coronis,

322 1452 513 1523 ingeniumque
521 1450 628 1517 jacens,
641 1447 690 1503 sed
705 1446 770 1501 libet
783 1444 836 1499 alto
852 1441 936 1510 loqui.

286 1544 401 1613 Dignum
412 1554 480 1611 opus
490 1547 518 1595 et
527 1540 631 1609 justum
642 1543 684 1592 est
694 1548 802 1604 semper
813 1533 860 1588 tibi
874 1532 965 1586 dicere
978 1537 1077 1599 gretes,

285 1635 463 1704 Omnipotens
475 1631 567 1687 mttndi
578 1629 698 1700 genitor,
713 1641 767 1698 quo
780 1625 902 1696 principe
911 1630 1008 1678 cuncto

285 1727 407 1785 lietalem
420 1739 563 1797 sumpsere
576 1723 661 1788 diem,
676 1728 757 1790 atque
770 1724 863 1773 erotis
879 1720 991 1784 tepente

285 1817 352 1875 Post
366 1817 494 1874 tenebras
506 1812 616 1882 stupido
631 1817 787 1882 spectarunt
799 1806 901 1862 lumina
916 1804 997 1859 coelo.

287 1910 361 1968 Gens
375 1909 532 1976 bominum,
554 1902 744 1976 pecudesque,
765 1897 846 1966 lette,
861 1895 876 1936 i
891 1896 1019 1965 milleque
1031 1906 1082 1948 to·

212 2032 215 2040 ·
323 2000 426 2066 lueres,

287 2092 324 2149 tit
336 2106 396 2160 quse
408 2104 458 2161 per
470 2086 586 2160 liquidos
600 2084 758 2142 disourmnt
771 2080 880 2153 sgmina
894 2091 1018 2150 campos.

286 2189 383 2247 Omnia
395 2202 444 2257 pet·
459 2195 554 2250 temet,
569 2200 601 2241 et
618 2194 654 2252 te,
665 2180 710 2254 qni
722 2179 837 2235 maxima
852 2176 966 2242 condis,

286 2281 329 2338 Ex
344 2289 382 2346 te,
397 2290 408 2318 t
425 2287 488 2334 nate
502 2276 595 2342 Peter3
608 2287 658 2330 uec
666 2272 721 2344 jam
734 2269 817 2342 putris
826 2278 870 2325 est
879 2277 956 2339 puter
971 2264 1053 2321 alter.

287 2376 303 2418 d
320 2369 361 2425 Tu
375 2367 472 2438 capitis
484 2366 616 2437 primique
630 2373 721 2434 caput,
737 2372 765 2417 tu
780 2359 864 2417 iontis
874 2358 967 2430 origo,

288 2460 395 2518 Primus
407 2473 478 2529 apex
495 2472 601 2525 rerum,
618 2455 721 2527 primus
734 2462 818 2519 sotor,
834 2449 925 2507 omnia
940 2447 1081 2505 condens:

288 2551 346 2609 Nee
359 2562 448 2607 tamen
462 2564 495 2605 et
511 2549 564 2604 aiio
576 2549 653 2604 ducis
667 2560 764 2618 genus,
776 2546 834 2616 ipse
848 2544 975 2614 perennis
1045 2532 1047 2536 ’

288 2642 420 2714 Spiritus,
435 2641 547 2711 antiquo
565 2639 658 2695 nitens
672 2653 721 2710 per
735 2636 835 2693 soeculo
850 2646 924 2692 motu
939 2678 947 2704 ,

288 2735 402 2805 Semper
415 2734 481 2800 eris,
497 2732 560 2803 quia
574 2744 682 2799 semper
694 2742 768 2796 eras,
786 2742 839 2784 noo
850 2727 947 2783 mortis
961 2740 1081 2798 egenus,

288 2826 339 2897 Qui
354 2826 449 2881 natalis
463 2823 553 2895 inops,
567 2822 707 2879 declinem
722 2821 832 2877 noteris
843 2821 904 2875 neti.

291 2916 368 2974 ‘Et
395 2929 426 2971 se
448 2913 631 2985 principium,
663 2911 707 2968 cui
732 2909 865 2982 contigit,
894 2908 966 2966 ltsud
992 2918 1085 2966 manet

324 3008 394 3063 niter

290 3101 437 3155 ductorem
452 3109 549 3160 casus,
567 3094 706 3152 nascentis
723 3094 856 3153 terminus
869 3102 958 3166 urget.

291 3190 387 3245 Omnis
402 3203 463 3245 cum
479 3195 586 3259 tegeret
598 3186 704 3258 nigrum
717 3188 812 3256 cbaos,
831 3187 939 3258 altaque
952 3185 1038 3243 moles

291 3281 416 3351 Desuper
428 3286 538 3350 urgeret
551 3276 676 3334 iniormis
687 3292 802 3349 corpora
822 3278 916 3335 mundi
931 3318 939 3346 ,

291 3372 326 3428 Et
336 3369 463 3441 esligauti
477 3376 614 3438 premeret
627 3371 747 3424 serotina
761 3380 860 3439 nocte,

292 3463 348 3521 dec
363 3461 485 3534 species,
498 3473 550 3516 nec
568 3459 656 3514 torma
676 3458 765 3525 loret;
778 3460 851 3516 Deus
864 3461 941 3518 intus.
951 3463 1069 3534 agebas,

292 3552 458 3624 corporibus
473 3549 553 3607 tectis
566 3549 677 3619 mixtus,
693 3558 800 3607 secreta
815 3558 944 3621 potestas.

297 3644 307 3685 ¹
321 3644 381 3702 lam
395 3643 452 3699 tum
465 3641 612 3712 disponens
623 3641 760 3697 nascentia
771 3642 869 3698 moeuin
884 3642 976 3699 mundi
990 3684 998 3709 ,

293 3739 330 3795 Et
343 3736 432 3794 tariss
445 3750 538 3792 retum
553 3733 636 3790 iacies
653 3735 812 3805 animasque
826 3732 950 3800 iuturss,

296 3829 389 3897 litque
402 3838 483 3897 osput
496 3834 510 3874 t
525 3825 595 3883 ricts
610 3825 743 3898 prompsit
753 3825 867 3896 caligine
879 3826 965 3880 noctis

294 3920 444 3977 Sublimem
458 3916 585 3973 attollens
604 3916 726 3982 ruitum,
742 3930 853 3972 sensere
867 3916 997 3972 tenebrae.

294 4013 355 4068 iios
374 4010 505 4067 Dominus
518 4023 608 4065 rerum
624 4022 734 4066 somnos
749 4008 878 4063 discussit
892 4008 1005 4077 inertes,

296 4103 432 4175 Pigraque
446 4101 573 4157 materies
583 4100 728 4171 trepidarit
741 4098 756 4139 t
769 4103 880 4157 numine
891 4101 967 4171 pules

296 4198 493 4267 commotaque
511 4193 591 4250 simul
611 4194 621 4232 ¹
639 4205 754 4264 matura,
768 4193 875 4250 conscia
886 4205 996 4264 pertus,

296 4287 437 4346 Scinditur
449 4288 565 4358 ingentis
576 4286 676 4341 eumuii
687 4300 735 4356 per
746 4285 859 4355 plurimo
868 4300 967 4356 corpus

297 4378 430 4446 iiombrs,
446 4377 454 4429 i
474 4377 604 4447 locusque
618 4376 698 4431 simui
713 4385 851 4432 metantur
864 4377 969 4431 sentino
988 4375 1088 4448 janu,

297 4468 333 4525 Et
347 4467 459 4526 coniusu
470 4465 484 4505 ¹
495 4467 574 4524 simul
591 4465 758 4528 descendunt
773 4468 877 4524 uiscera
892 4467 988 4534 moles,

297 4559 430 4630 Sectaque
445 4574 492 4628 per
503 4565 604 4627 partes,
618 4557 719 4613 lorntas
728 4559 877 4629 spectantis
894 4558 991 4627 inusta,

301 4648 357 4705 ism
368 4650 443 4706 ocior
457 4648 529 4705 intus
543 4647 602 4715 siit,
617 4658 646 4704 st
658 4649 756 4706 blondo
771 4652 882 4705 suscitat
897 4649 964 4717 igni.

284 4774 287 4790 ⁵
334 4785 461 4850 ⁸0uesn.
475 4784 555 4839 metri
576 4800 657 4841 causa
684 4785 849 4854 emendavit,
872 4786 959 4841 doist.
987 4787 1090 4846 Sensus

299 4869 364 4913 tero
376 4856 459 4927 exigit
471 4855 561 4909 dolet.

263 4933 268 4948 ¹
332 4923 347 4964 ¹³
368 4925 439 4981 ldettt
453 4925 569 4996 Quem„
584 4924 620 4981 ob
634 4934 761 4991 metrum,
776 4924 849 4981 ntilie
860 4936 945 4996 etque.

335 4995 520 5077 eonsensum
532 5010 564 5055 et
576 4996 816 5080 cottjsctum,·noto
827 5013 837 5062 ‚·
849 4997 920 5068 quod
931 4996 1000 5052 attae
1009 4995 1091 5080 etiarn

297 5065 394 5124 iusum
409 5064 524 5120 Wetttto
558 5071 667 5140 piseutt.
696 5068 853 5122 {tenuemus
879 5081 940 5122 cum
965 5068 1091 5122 omntbus

1091 987 1115 1048 Α
1167 986 1208 1042 tic
1222 984 1338 1055 primum
1354 984 1416 1043 cmii
1432 1002 1532 1055 pensus
1546 989 1615 1046 iiber
1628 991 1721 1068 omnia
1733 991 1825 1048 mundi

1121 1074 1320 1156 ullomplectens
1330 1082 1429 1150 spatis,
1442 1081 1519 1138 eelso
1533 1083 1708 1153 suspenditur
1722 1084 1803 1140 orbe:

1131 1169 1215 1225 Terra
1228 1169 1321 1241 gratis
1335 1172 1412 1241 pigro
1425 1171 1568 1231 descendit
1581 1175 1704 1246 pondere
1715 1176 1749 1232 sd
1765 1178 1865 1244 imunt,

1131 1260 1170 1339 Ac
1181 1271 1268 1317 semet
1281 1259 1368 1316 dedra
1381 1263 1440 1318 sslo
1451 1263 1559 1319 iundsts
1573 1265 1685 1330 resedit,

1132 1354 1265 1425 Essetque
1276 1363 1306 1411 ut
1316 1356 1432 1426 spatium
1446 1373 1541 1414 vacuae
1554 1360 1671 1431 regionis
1680 1372 1791 1431 aporire,

1132 1444 1190 1513 Qut
1205 1453 1283 1501 tener
1295 1446 1424 1503 incedens
1439 1449 1563 1505 mortalis
1579 1464 1701 1527 posceret
1713 1453 1808 1518 estber.

1131 1538 1245 1607 Quoque
1254 1539 1329 1594 exire
1340 1542 1423 1608 patris
1438 1552 1547 1610 possent
1558 1551 1598 1598 tot
1608 1558 1719 1598 munera
1732 1560 1837 1612 rerum,

1132 1626 1252 1700 ortaque
1264 1629 1400 1687 terrentur
1413 1632 1489 1688 nulio
1503 1647 1552 1703 per
1567 1634 1650 1690 inane
1663 1634 1766 1702 labore,

1133 1716 1244 1774 nitrien
1256 1727 1389 1790 coguntur
1405 1735 1501 1792 squm3
1517 1737 1579 1778 mox
1592 1720 1602 1761 ¹
1618 1724 1705 1784 tinius
1719 1738 1795 1781 certo

1133 1805 1285 1878 Liquuutut
1296 1811 1391 1875 marta,
1407 1827 1458 1868 nec
1472 1812 1554 1869 duem
1567 1815 1686 1870 transilit
1701 1814 1784 1871 unda.

1132 1894 1210 1953 Tunc
1222 1899 1309 1954 oritur
1324 1898 1370 1955 lut
1384 1903 1466 1969 alma,
1480 1902 1539 1959 dies
1553 1919 1613 1976 quse
1623 1904 1702 1975 jussa
1715 1905 1819 1961 uocari.

1132 1987 1295 2045 Nascentem
1306 1999 1401 2047 tenero
1416 1993 1532 2062 pertudit
1544 1994 1645 2051 lumine
1655 1996 1795 2052 mundum.

1133 2079 1231 2137 iiunus
1243 2096 1366 2152 opusque
1380 2092 1454 2139 tuum
1469 2085 1599 2157 prodens,
1613 2094 1661 2142 tus
1671 2087 1790 2143 mstitns
1803 2087 1891 2143 dona.

1133 2168 1260 2228 Condere
1270 2188 1329 2243 quas
1342 2169 1448 2244 g'enitor
1462 2176 1550 2246 petris
1562 2178 1663 2249 pietate
1675 2177 1800 2248 perabat,

1136 2261 1223 2333 litque
1236 2264 1374 2322 bominum
1387 2266 1476 2323 solers
1490 2278 1582 2338 posset
1591 2270 1746 2326 clarescere
1757 2271 1811 2327 rita

1098 2370 1121 2431 1³
1136 2355 1247 2411 Artibus
1261 2356 1388 2414 aethereis
1401 2369 1462 2429 quse
1475 2368 1547 2416 totns
1559 2360 1660 2419 ducere
1674 2361 1760 2418 luces.

1134 2447 1249 2515 Gaudet,
1265 2457 1292 2505 et
1304 2450 1440 2521 ingenium
1452 2450 1560 2508 diversa
1573 2451 1654 2509 laude
1668 2452 1773 2524 fatigat.

1169 2541 1323 2611 insequitur
1336 2556 1391 2597 nox
1406 2551 1465 2598 atra
1477 2541 1549 2598 dicut
1562 2541 1710 2615 deumque
1720 2543 1852 2608 tenebre.

1134 2633 1300 2704 Corporibus
1309 2648 1421 2691 somnos
1434 2649 1495 2705 qus
1509 2635 1609 2692 terrent
1621 2636 1677 2692 otis
1691 2635 1780 2702 lass,

1135 2723 1171 2780 lit
1180 2725 1287 2782 cunctis
1298 2741 1380 2783 unam
1391 2727 1486 2784 taciem
1501 2726 1674 2798 similemque
1685 2729 1811 2799 igurstn.

1134 2814 1256 2886 Namque
1268 2815 1328 2874 dics
1342 2817 1419 2873 raris
1429 2827 1449 2855 Ν
1460 2832 1552 2874 rerum
1562 2818 1733 2875 discriminat
1745 2835 1805 2887 ora,

1135 2904 1171 2961 iit
1182 2906 1230 2962 dat
1243 2908 1342 2980 cuique
1352 2922 1430 2964 sunm
1445 2909 1560 2979 disjecta
1572 2916 1651 2966 nocte
1665 2911 1800 2978 colorem,

1135 2997 1302 3070 instigatque
1316 3001 1422 3057 snimns
1431 3007 1446 3037 ¹
1462 3014 1546 3071 opere
1560 3001 1594 3056 sd
1608 3001 1710 3073 majora
1723 3001 1858 3070 calentes,

1136 3087 1280 3146 Etacuons
1292 3089 1374 3147 uariis
1388 3091 1514 3147 mortalis
1528 3102 1640 3162 pectora
1651 3093 1742 3147 enirn:

1137 3181 1196 3251 Quo
1211 3196 1289 3253 mage
1301 3182 1386 3237 iortna
1397 3181 1455 3239 dies
1468 3183 1542 3250 titas,
1559 3199 1611 3239 uox
1632 3185 1728 3240 mortis
1740 3186 1841 3256 imago.

1173 3276 1250 3331 'runc
1260 3275 1381 3332 condens
1394 3276 1474 3332 i‘utcr
1484 3284 1555 3333 astrs
1566 3278 1641 3347 polo,
1652 3291 1683 3334 ac
1692 3277 1791 3331 lumine
1801 3284 1816 3313 ⁰
1825 3278 1928 3335 risere

1138 3367 1234 3425 Sidera
1248 3368 1427 3440 distinguens,
1443 3369 1524 3425 variis
1536 3383 1585 3436 per
1598 3377 1668 3425 tecta
1682 3369 1774 3439 liguris

1138 3460 1247 3520 Lucifer
1261 3462 1487 3531 exsurgitroseus
1500 3470 1529 3516 ct
1543 3459 1661 3530 inigidur
1672 3476 1720 3518 ore
1759 3514 1762 3520 .

1138 3552 1255 3625 vesper,
1272 3553 1401 3621 puniceos
1415 3553 1518 3624 spargit
1531 3567 1628 3610 suroca
1642 3553 1765 3624 capillos.

1139 3644 1243 3714 tinguis
1256 3643 1311 3715 sgit
1323 3641 1433 3711 sudum,
1445 3645 1588 3715 important
1599 3644 1719 3714 pleiades
1732 3646 1844 3703 imbres.

1102 3755 1126 3820 c
1140 3732 1210 3790 Sunt
1222 3732 1297 3804 luga,
1312 3740 1376 3788 tunt
1388 3732 1520 3802 plaustra,
1533 3747 1703 3804 gemmantes
1714 3735 1782 3792 dore
1794 3749 1919 3802 cornu.

1141 3825 1276 3897 Signaque
1290 3824 1407 3881 bissenis
1419 3838 1520 3880 annum
1535 3823 1671 3882 volventis
1684 3827 1790 3882 lormis.

1141 3916 1280 3988 blultsque
1294 3924 1426 3987 practerea
1442 3919 1522 3974 coisse
1535 3916 1633 3975 domus
1645 3928 1815 3985 ornaments,

1142 4017 1156 4058 r
1170 4007 1252 4076 Queis
1262 4008 1371 4063 saeelum
1385 4006 1461 4064 inicit
1474 4009 1568 4079 signis,
1583 4019 1613 4066 et
1624 4010 1697 4081 regia
1711 4024 1815 4066 sumum

1141 4099 1215 4155 Picis
1226 4113 1325 4170 petens
1335 4099 1409 4155 strio
1424 4100 1563 4157 steiisrum
1576 4099 1637 4157 luce
1654 4110 1790 4156 comsctt.

1142 4191 1196 4249 Sed
1210 4192 1260 4249 soli
1275 4190 1320 4248 lua
1332 4190 1419 4263 major
1433 4192 1514 4257 inest,
1531 4207 1610 4264 quem
1625 4207 1741 4249 munere
1753 4192 1827 4260 largo

1143 4282 1285 4339 Etcuitutn
1296 4283 1402 4354 genitor
1413 4282 1495 4353 pleno
1507 4282 1628 4353 digneris
1640 4285 1753 4340 bonore.

1143 4372 1239 4444 igneus
1253 4372 1298 4429 ille
1308 4372 1388 4444 juber
1400 4373 1532 4442 prtccelso
1545 4374 1650 4429 vertice
1661 4374 1743 4442 toltit,

1142 4463 1196 4519 lira
1208 4464 1310 4520 rubens
1326 4462 1427 4533 patulo,
1442 4462 1505 4519 cmii
1519 4477 1566 4532 per
1578 4465 1677 4519 moenis
1691 4461 1786 4527 icrtnr,

1142 4558 1286 4613 detrorum
1302 4558 1398 4613 ductor
1412 4556 1506 4611 inundi
1515 4556 1596 4627 riget,
1610 4566 1690 4628 ntqoe
1699 4556 1847 4613 elementa.

1145 4651 1215 4719 Esco
1229 4649 1300 4704 aliud
1314 4648 1423 4716 ntirum,
1438 4648 1537 4704 mirutn
1547 4649 1642 4715 decus,
1659 4664 1693 4705 en
1707 4663 1776 4704 nora
1790 4661 1902 4705 sursunt

1142 4787 1253 4842 nornine.
1269 4783 1421 4842 Constant.

1181 4854 1302 4920 lweiu,
1314 4868 1424 4912 ntsturo.
1437 4856 1540 4923 Quaen.
1549 4882 1585 4898 ·—
1595 4854 1713 4911 intente
1722 4851 1880 4919 neuoth..
1892 4870 1932 4908 ιι

1143 4937 1212 4981 turo.
1231 4926 1387 4982 Constant.

1180 4997 1188 5047 i
1204 4995 1263 5051 nm
1278 4997 1402 5065 displicet
1414 4994 1586 5062 euchitt.,
1604 4994 1731 5065 locosque.
1747 4993 1902 5049 cossam

1180 5065 1363 5134 ¹¹ddjscimus
1381 5066 1457 5122 simul
1478 5081 1510 5121 cx
1532 5081 1584 5120 me.
1609 5066 1692 5121 baud
1717 5064 1793 5135 Legit
1806 5063 1914 5130 Quesn.
1935 5080 1944 5120 t

297 5151 377 5201 mss,
397 5151 468 5199 note,
494 5142 570 5205 quusi
588 5154 621 5195 et
636 5148 664 5191 te
677 5139 797 5193 existens
810 5146 866 5192 eta
882 5138 957 5193 nullo
969 5138 1024 5193 alio
1036 5137 1093 5193 ori·
1144 5139 1226 5208 Atque
1239 5138 1388 5207 inconfusos
1403 5138 1675 5195 descendentweits.
1690 5147 1783 5191 autem
1799 5150 1807 5185 ε
1829 5132 1865 5187 Et
1878 5148 1945 5188 esn-

297 5209 388 5278 ginem
402 5205 515 5260 ltsbetts.
530 5207 724 5265 Cousrtnrtcs.

333 5274 414 5342 ddi,
427 5274 466 5330 To
480 5289 557 5345 capot
571 5298 608 5343 es,
625 5279 760 5347 priooqoe.
773 5276 875 5345 Quass.
890 5276 917 5332 in
929 5277 1060 5349 msrgine.

336 5357 349 5387 t
364 5349 420 5410 11,
435 5345 476 5401 Ee
490 5357 524 5400 te.
539 5349 611 5404 idem
626 5351 653 5401 in
668 5363 753 5419 ntarg.

336 5415 347 5454 ¹
365 5416 446 5480 Editi,
462 5416 524 5471 tom
539 5419 630 5473 tumidi
645 5434 753 5489 ponens.
778 5416 962 5473 Emendantut
985 5431 1020 5473 cx
1039 5431 1092 5476 nrt.

300 5483 421 5540 Landun.
437 5488 634 5544 Curusrtnttos.

336 5557 430 5625 snt,
455 5563 580 5630 prompsit
604 5562 671 5614 sicto
705 5559 760 5630 ipss
785 5559 905 5630 tetigitte.
936 5557 1039 5625 Qutsn.
1063 5558 1091 5614 in

330 5639 359 5674 tit·
378 5660 386 5676 .

302 5635 405 5747 mllta
419 5709 480 5750 cum
496 5712 548 5753 ms,
566 5698 688 5755 Ltudun.
703 5697 804 5766 Quesn.
818 5729 853 5740 -
865 5699 915 5755 dlii
936 5714 1000 5756 tero
1018 5698 1092 5784 iibri,

1104 5197 1203 5278 Dinon
1225 5209 1296 5275 prius
1314 5210 1468 5262 descendunt
1481 5210 1579 5262 oiscsrs
1599 5208 1685 5262 molis.
1705 5205 1759 5260 Pto
1781 5207 1945 5260 detendunt

1145 5280 1212 5334 sutis
1225 5278 1358 5333 arrideret
1376 5280 1533 5334 discindunt.
1549 5277 1652 5332 Cobet.

1184 5347 1192 5386 ¹
1214 5346 1362 5403 enuntiet.
1379 5362 1439 5402 cum
1451 5346 1542 5418 colb,
1553 5348 1649 5400 limine.
1663 5344 1762 5402 Cousr.

1180 5428 1200 5456 ¹¹²
1222 5417 1279 5472 Non
1298 5416 1385 5485 plocet
1402 5418 1596 5478 nortweiam.
1616 5418 1747 5470 oncino...
1765 5428 1844 5480 orm
1865 5430 1942 5468 narn·

1146 5504 1199 5558 qne
1212 5488 1255 5542 iric
1271 5502 1298 5541 os
1309 5501 1358 5556 pro
1371 5487 1457 5543 lorms
1473 5498 1500 5541 et
1515 5487 1582 5543 tacte
1598 5488 1715 5555 ponitur.
1731 5487 1828 5539 t‘ousr.

1181 5567 1195 5594 ¹¹
1216 5558 1295 5624 lidio,
1313 5574 1401 5629 opero,
1417 5558 1597 5614 renitentibus
1610 5573 1675 5614 mss.
1689 5557 1787 5612 Coust.

1182 5635 1194 5664 ⁰
1214 5628 1326 5694 Qtetn„
1339 5629 1403 5683 olto.
1417 5628 1466 5683 iis.
1481 5628 1618 5696 Laudem,
1633 5628 1732 5682 cidens.

1180 5697 1195 5740 P
1215 5704 1327 5766 Quesn„
1346 5697 1407 5764 Qui.
