4009 6184
184 318 225 390 ιι
840 334 1159 397 tutuntsutssum
1788 347 1821 409 to

186 453 254 510 Dem
274 452 373 510 Filium
394 471 469 511 suum
491 455 519 510 in
542 450 736 510 similitudinem
759 455 845 510 earnis
859 455 956 526 percuti
968 468 978 517 ,·
992 459 1015 516 Α
1031 452 1064 507 ad
1089 453 1203 509 salutem
1229 452 1341 510 ltumoni
1361 457 1470 527 generis
1496 464 1672 528 protestatur.
1695 459 1771 530 Quod
1797 466 1820 523 si

185 549 255 603 idem
270 550 359 614 iterat,
376 548 445 604 idem
460 545 576 603 inculcat
588 546 681 603 dicens
694 563 701 601 ε
715 545 754 601 ili
766 546 787 601 it
798 545 867 601 Deus
878 543 979 601 Filium
1030 544 1182 600 evidentius
1198 544 1390 603 declarandum
1405 557 1494 619 putus,
1511 564 1590 619 quem
1607 549 1705 607 Filium
1719 553 1751 611 sd
1765 556 1820 613 sal·

184 638 720 713 suomdximiusutiqueetudmimbilie
738 638 978 710 ntugisterzscieus
1030 636 1131 693 rondes
1155 637 1279 693 immines
1302 638 1374 694 Deus
1399 639 1523 704 miserit,
1552 642 1676 713 qrremsis
1701 647 1821 716 proprius

184 736 211 791 io
235 735 287 792 hoc
311 742 397 792 to'tum
421 732 686 806 penituscatlsoticm
699 741 900 787 sacramentum
916 728 977 785 idei
1029 734 1110 798 atque
1131 727 1284 800 unigenitus
1300 728 1350 786 Dei
1372 730 1458 787 Filius
1474 746 1529 788 nun
1553 732 1604 789 nisi
1627 749 1699 791 unus
1712 736 1748 793 sit
1766 753 1774 795 ε
1795 749 1821 796 et

183 825 340 897 contineri,
364 830 395 881 ot
415 832 493 880 notus
507 824 534 881 in
554 838 637 880 carne
650 823 804 889 Dominus,
828 830 854 878 ct
878 822 977 877 missos
1028 835 1089 876 cum
1100 820 1199 878 Filium
1210 837 1289 880 suum
1304 824 1412 882 misisse
1425 826 1536 893 dicitur,
1547 827 1717 900 unigenitum
1730 833 1842 903 utique*

183 931 246 975 esse
266 918 294 975 ln
310 920 382 974 lrunc
396 917 527 974 mundum
541 917 590 974 Dei
605 915 691 973 Filius
716 917 895 984 crederetur,
910 915 977 972 -ltnc
1028 926 1107 969 suum
1122 915 1230 971 misisse
1244 924 1422 972 monstretur.
1447 917 1517 975 nudi
1541 929 1630 976 tsrneo
1653 921 1736 979 Dauid
1759 939 1821 995 pro·

182 1013 266 1068 etiarn
293 1021 374 1083 etque
398 1010 480 1067 etiam
506 1010 628 1067 claorirat
657 1010 751 1066 dicens
775 1027 787 1064 τ
810 1008 884 1065 llislt
908 1007 978 1064 Deus
1029 1008 1158 1078 piretum,
1180 1023 1242 1065 eum
1257 1009 1350 1081 quiad
1370 1011 1488 1068 salutem
1502 1000 1648 1069 humanam
1665 1017 1820 1084 missussit,

182 1101 283 1160 Filium
298 1120 384 1169 soum.
404 1101 459 1158 Nee
473 1103 570 1159 uticum
584 1104 606 1160 si
621 1104 656 1159 ad
671 1102 913 1175 evangelizandum
929 1103 975 1159 Dei
1027 1100 1441 1173 evidentissime·designantem.
1459 1103 1552 1173 llisit,
1569 1106 1666 1176 innuit,
1682 1105 1697 1147 l
1713 1108 1822 1166 Verium

181 1195 327 1252 adrentum
343 1194 519 1265 peculiariter
540 1195 639 1249 missus
652 1193 691 1249 sie
707 1194 887 1263 predicavit,
913 1209 976 1251 cum
1027 1211 1104 1250 ouum
1119 1203 1143 1250 et
1156 1196 1315 1252 mussitem
1336 1196 1450 1268 (usum.
1466 1198 1536 1273 cvr).
1561 1198 1697 1273 Numquid
1718 1214 1822 1261 uertere

182 1286 209 1342 id
222 1286 304 1343 ctlsm
320 1294 383 1342 ente
398 1285 485 1358 legem
500 1285 652 1358 letor'lcgis
667 1286 725 1356 ipse
740 1286 919 1353 clamaverit,
934 1286 975 1342 di·
1029 1287 1080 1343 noe
1095 1287 1129 1343 ad
1146 1303 1257 1345 curnem
1272 1289 1367 1361 potest
1383 1300 1412 1346 ut
1425 1290 1500 1347 dicas
1513 1291 1546 1348 ad
1562 1294 1713 1350 sonandum
1729 1294 1822 1352 humo·

181 1386 291 1436 cenet*
307 1377 427 1446 Obsecro,
444 1376 570 1444 Domine,
586 1378 692 1448 provide
706 1379 788 1433 olium
799 1392 876 1450 quem
889 1379 977 1441 mittor
1028 1396 1094 1436 num
1114 1396 1201 1452 genus
1216 1381 1355 1440 hominem
1369 1393 1472 1441 tanturn
1498 1400 1513 1440 a
1537 1386 1593 1442 Deo
1616 1389 1741 1445 missino.
1766 1389 1822 1446 lion

182 1470 283 1543 (Daod.
297 1468 345 1545 ιι).
363 1469 440 1540 Quod
463 1471 489 1526 in
505 1469 680 1526 llelrraeorum
696 1469 878 1526 columinibus
892 1471 977 1526 multo
1028 1473 1231 1544 poscentique:
1244 1474 1374 1530 reclamat
1387 1475 1462 1532 enim
1477 1476 1525 1533 tilri
1536 1492 1597 1534 cum
1613 1481 1742 1537 omuibus
1752 1482 1819 1539 Scri·

181 1561 336 1620 euidentius
350 1563 454 1634 legitur
474 1580 481 1618 e
501 1562 636 1629 'Disecro,
660 1561 788 1631 Domine,
810 1565 883 1618 nritte
899 1579 976 1636 quem
1029 1565 1116 1632 pturis
1131 1565 1216 1621 sociis
1231 1565 1316 1621 Dnrid
1331 1565 1474 1636 propheta,
1490 1568 1605 1625 dicens:
1622 1570 1697 1626 iiisit
1715 1570 1822 1628 iudom

182 1657 309 1711 otiosorum
333 1671 370 1713 es.
394 1654 458 1710 Pius
472 1656 565 1725 utique
582 1655 734 1726 proptera,
757 1662 785 1710 et
807 1654 890 1709 totius
905 1655 931 1709 in
945 1669 976 1710 se
1028 1671 1114 1718 suum,
1130 1665 1155 1710 et
1165 1657 1329 1712 sonoriteos·
1342 1655 1424 1713 Vides
1435 1673 1500 1729 ergo
1510 1658 1543 1714 ad
1555 1662 1691 1716 eunomios
1702 1662 1823 1719 immines

181 1750 289 1819 pesteris
304 1748 413 1804 domeni
426 1747 553 1803 etinctum
566 1746 679 1814 habens,
694 1761 756 1803 eum
769 1747 814 1818 qui
829 1747 977 1803 mittendus
1029 1745 1150 1802 terbum
1166 1747 1276 1802 missum
1291 1761 1353 1802 esse
1369 1764 1377 1802 ι
1393 1749 1455 1819 utris
1470 1750 1536 1806 licet
1559 1766 1608 1820 per
1627 1748 1767 1809 Christum
1781 1769 1823 1809 sa-

181 1858 196 1894 s
212 1843 291 1899 Putre
304 1841 339 1897 ad
354 1840 568 1911 redemptionem
582 1855 615 1896 ac
629 1840 745 1896 sunium
762 1839 882 1894 omnium
896 1847 975 1907 erat,
993 1826 1015 1885 Β
1030 1836 1100 1893 nites
1120 1838 1182 1893 dota
1207 1838 1264 1903 sit,
1289 1835 1408 1894 Verbum
1434 1847 1522 1895 tomen
1539 1840 1587 1896 Dei
1602 1842 1628 1895 io
1643 1839 1753 1899 Christo
1775 1843 1823 1899 ioit
1926 1894 1929 1899 ⁴

181 1943 211 1986 ιιι
231 1948 313 2004 quom
336 1932 482 1989 celerrime
496 1932 668 1999 mitteretur,
691 1929 769 2002 quasi
793 1930 876 1986 totius
890 1944 905 1984 a
919 1928 976 1984 Deo
1030 1929 1102 1998 quod
1119 1942 1169 1999 per
1181 1928 1319 1985 Cluistum
1334 1940 1431 1987 cuncta
1447 1930 1574 1987 sonorit':
1586 1947 1618 1988 ae
1631 1933 1671 1989 sic
1687 1936 1763 1992 unlto
1775 1951 1823 2007 per

181 2020 262 2081 Putre
281 2024 405 2079 humente
429 2022 520 2079 caetris
545 2022 658 2078 vocibus
680 2021 844 2094 postulabat,
859 2020 974 2105 dicens:
1029 2029 1228 2076 sacramentnm
1248 2021 1446 2079 incarnationis
1460 2021 1570 2079 Christo
1590 2031 1619 2080 et
1640 2023 1729 2082 Verbo
1750 2027 1820 2095 Del,

183 2115 304 2183 Obsecro,
318 2113 439 2181 Domine,
454 2114 525 2169 mitte
534 2128 608 2187 quem
619 2114 746 2169 missurus
761 2130 798 2168 es.
815 2111 889 2167 ilirit
902 2127 973 2183 erpo,
1031 2111 1117 2167 iactus
1127 2122 1169 2168 est
1179 2111 1303 2170 Christus
1313 2121 1341 2169 et
1352 2113 1469 2169 Verbum
1484 2115 1532 2171 Dei
1544 2129 1612 2172 ustus
1625 2132 1658 2173 ex
1669 2133 1699 2174 re
1709 2129 1822 2190 utreque

181 2207 292 2281 innuit,
324 2205 397 2263 Deua
426 2202 527 2262 Filium
551 2222 627 2260 soum
648 2206 676 2261 in
696 2205 868 2261 similitudine
890 2205 977 2259 cornis
1029 2204 1114 2262 Pilius
1129 2206 1187 2262 Dei.
1202 2206 1279 2274 Quod
1295 2208 1389 2279 utiquo
1402 2207 1670 2277 apostoluslonones
1683 2210 1824 2267 declarare

181 2301 292 2372 peremi.
317 2300 390 2356 Bene
409 2312 470 2354 cum
494 2298 607 2354 missum
623 2313 686 2354 eom
705 2298 831 2353 incarne
852 2296 974 2362 ulceret,
1027 2309 1123 2367 aperte
1136 2297 1241 2363 rotem,
1258 2298 1342 2371 Diris,
1357 2299 1455 2373 inquit,
1471 2299 1541 2356 Deus
1556 2299 1656 2357 Filium
1673 2320 1747 2358 suum
1759 2303 1822 2360 Sul·

180 2483 254 2541 Deus
277 2478 379 2537 Filium
400 2497 475 2536 suum
498 2481 527 2534 in
549 2478 722 2535 similitudine
744 2479 830 2532 corruis
853 2478 976 2548 peccati:
1029 2479 1142 2550 poraltili
1152 2482 1322 2537 connexione
1334 2481 1419 2537 Deum
1434 2478 1626 2555 hominemque
1636 2487 1824 2557 conjunxerit?

181 2578 234 2633 lme
248 2583 305 2646 est,
322 2583 352 2629 ut
372 2576 399 2631 io
415 2588 478 2629 rere
491 2572 582 2629 cernis
595 2570 768 2642 susceptione
783 2579 976 2641 agnosceretur
1028 2570 1152 2626 Christus
1165 2571 1238 2627 enim
1252 2571 1297 2636 «rui
1310 2586 1343 2627 ex
1359 2571 1441 2626 llaria
1459 2582 1607 2643 natusest,
1622 2574 1747 2633 salrator
1759 2579 1824 2635 alu·

181 2668 281 2747 veritas
299 2681 352 2723 non
375 2664 460 2721 luisse
483 2662 589 2735 peccati
606 2680 613 2718 :
632 2672 661 2718 et
676 2661 855 2733 quantumst
876 2675 976 2732 corpus
1028 2678 1082 2734 que
1096 2663 1179 2719 dubio
1191 2664 1361 2735 appellatur,
1380 2664 1529 2722 secundum
1545 2666 1631 2735 illud,
1656 2667 1726 2737 Quia
1741 2681 1825 2724 notus

181 2760 283 2816 ueritas
298 2758 520 2827 intelligeretur:
534 2763 667 2824 quantum
681 2752 714 2808 ed
729 2762 884 2824 peccatum,
900 2751 976 2808 simi·
1028 2762 1066 2808 est
1079 2755 1147 2810 solis
1162 2755 1239 2811 nodie
1257 2754 1403 2823 Solonion,
1428 2759 1475 2829 oui
1495 2768 1533 2814 est
1557 2757 1675 2815 Christus
1697 2759 1825 2817 Dominus

183 2852 267 2909 titudo
283 2849 400 2922 peccati.
424 2849 492 2914 Quin
505 2860 567 2902 cum
582 2846 672 2902 omnis
684 2860 750 2901 caro
765 2842 904 2916 peccatrix
919 2845 976 2913 sit;
1029 2844 1119 2918 (decre
1132 2846 1175 2919 n).
1196 2847 1245 2903 tite
1259 2858 1349 2905 sutem
1365 2848 1454 2920 ipsum
1469 2850 1542 2921 quod
1557 2851 1670 2907 missum
1692 2860 1736 2908 est
1756 2852 1825 2909 l'er-

182 2947 229 3002 ille
242 2955 333 3001 eutem
345 2944 405 2999 sine
426 2950 539 3013 peccato
551 2954 662 2996 curnem
677 2937 825 3005 imbuerit,
844 2938 974 2994 similitu·
1029 2942 1093 2995 brom
1111 2940 1172 3006 Dei,
1190 2940 1357 2997 Saicetorem
1375 2943 1506 3010 nominat,
1521 2941 1614 2999 diceus
1637 2960 1644 2998 ε
1665 2942 1738 2999 Disit
1754 2944 1824 3000 Deus

183 3040 273 3095 dinem
289 3024 449 3108 peccatricis
462 3032 553 3089 carnis
567 3030 595 3088 ln
607 3047 637 3088 se
652 3030 758 3098 imbuit,
772 3029 836 3086 ditm
852 3030 878 3086 in
894 3045 976 3087 came
1028 3030 1128 3087 Fidium
1140 3050 1215 3088 ertum
1226 3032 1389 3089 Soluutorem
1402 3034 1504 3088 mundi.

183 3140 255 3187 esset
269 3146 277 3184 s
291 3130 406 3185 ueritate
420 3134 510 3181 autem
527 3123 631 3195 peccati
646 3123 743 3188 ceruit,
761 3122 822 3193 utria
838 3123 897 3178 sine
913 3138 976 3193 pcc·
1340 3146 1459 3205 CAPUT
1479 3147 1501 3203 v

183 3235 246 3279 ⁰³¹⁰
259 3222 320 3278 flm-
340 3219 414 3276 Μ
432 3233 513 3290 “9⁰⁰
533 3218 640 3287 inlust·
662 3213 732 3270 Dm
747 3213 846 3270 mum
858 3232 933 3271 'mm'
949 3219 975 3271 Μ
990 3205 1012 3266 C
1033 3239 1142 3309 Propter
1155 3240 1343 3312 hypostaticam
1357 3242 1492 3310 utriusque
1502 3241 1529 3295 in
1539 3239 1641 3297 Christo
1652 3251 1751 3296 tratura·
1763 3258 1824 3295 corr·

181 3310 452 3372 similitudioeeornis
465 3309 575 3381 peccati.
1062 3314 1240 3382 junctionem,
1256 3323 1280 3365 et
1301 3310 1409 3365 lulum
1429 3310 1610 3375 Solootorem,
1624 3313 1678 3367 siue
1697 3313 1825 3367 nominent

481 3386 603 3457 'CAPUT
623 3398 666 3454 lll.
1064 3385 1244 3447 incarnatum,
1256 3388 1280 3436 et
1293 3379 1343 3436 Dei
1354 3380 1453 3437 Filium
1463 3390 1532 3437 recte
1543 3382 1681 3453 appellari.

244 3499 357 3556 Aliunde
370 3495 599 3570 pretenejurdsm
612 3492 913 3550 assentireteuimonio.
1066 3494 1143 3551 Datet
1166 3493 1257 3562 iunue
1280 3491 1351 3563 quod
1374 3507 1423 3563 per
1445 3503 1646 3550 sacramentum
1668 3493 1737 3549 oniti
1762 3509 1824 3549 cum

220 3596 268 3650 llis
288 3591 359 3650 scire
380 3603 460 3663 quatu
483 3589 552 3644 boue
568 3588 619 3644 troc
634 3587 778 3657 Apostolus
800 3585 975 3657 praedicarit,
1029 3585 1138 3641 lumine
1153 3583 1234 3641 lerbi
1250 3583 1295 3639 Dei
1308 3624 1316 3650 ,
1331 3594 1360 3640 et
1381 3582 1499 3640 Verbum
1522 3585 1593 3654 quod
1615 3583 1649 3640 ad
1664 3586 1824 3642 ealraudum

184 3689 247 3745 sudi
261 3682 490 3759 quemadmodum
515 3681 567 3737 huc
581 3680 608 3736 in
623 3693 655 3735 os
676 3677 821 3748 Apostoli,
841 3679 918 3748 quasi
941 3690 974 3731 cr
1030 3677 1142 3732 missum
1157 3684 1215 3743 est,
1230 3674 1355 3732 Salvator
1375 3675 1493 3741 dicitur;
1517 3682 1546 3732 et
1558 3676 1684 3732 Salvator
1698 3677 1725 3732 in
1741 3692 1830 3733 cerne

184 3781 271 3852 ipsios
286 3777 396 3834 Dolore
418 3773 584 3839 deduxerit,
607 3772 715 3829 dicente
740 3767 856 3826 Domino
879 3786 887 3823 ε
916 3767 977 3824 lion
1031 3776 1128 3835 nattis,
1145 3783 1195 3838 per
1211 3767 1291 3824 l'erbi
1307 3766 1399 3839 utique
1414 3767 1579 3824 consortium
1593 3766 1640 3822 Dei
1655 3767 1740 3825 Filius
1756 3785 1826 3824 nuo·

185 3876 252 3930 enim
267 3871 337 3927 misit
350 3869 420 3924 Dem
433 3865 532 3922 Filium
546 3880 622 3922 suum
636 3864 664 3918 in
678 3862 823 3928 muudum,
839 3872 866 3916 stt
877 3863 978 3933 judicet
1030 3871 1163 3931 cupatur:
1179 3875 1210 3915 ac
1232 3860 1272 3915 sic
1283 3859 1441 3916 *indiscreta
1456 3861 1598 3929 utriusque
1621 3860 1739 3915 nominis
1765 3877 1829 3917 ma·

184 3965 321 4031 mundum,
334 3960 380 4016 sed
392 3967 420 4014 ut
430 3956 663 4013 eotoerornondos
673 3972 719 4027 per
734 3955 820 4025 ipsum
835 3952 925 4028 (donn.
938 3954 976 4025 r).
1029 3952 1146 4022 jestate,
1162 3950 1224 4021 quia
1240 3951 1332 4006 orsitus
1346 3958 1387 4006 est
1401 3964 1462 4006 cum
1479 3949 1589 4006 humine
1603 3950 1694 4018 Deus,
1717 3960 1730 3990 ι
1745 3953 1826 4022 qnid.

182 4056 255 4112 licre
267 4057 337 4126 ipse,
347 4050 475 4115 utrides,
489 4048 622 4104 Dominus
637 4047 748 4101 rnissum
761 4061 791 4101 se
806 4062 821 4102 a
834 4030 889 4102 Deo
899 4046 979 4101 Petro
1032 4046 1096 4117 quid
1109 4053 1152 4102 est
1165 4045 1246 4101 ltomo
1261 4052 1289 4100 ct
1308 4044 1400 4111 Deus,
1424 4051 1509 4099 totum
1530 4041 1637 4112 penitus
1657 4056 1826 4113 nuncupator

722 4155 851 4211 ALARDl
870 4156 987 4212 GAZAEl
1008 4156 1291 4215 COMMENTARIUS.

221 4270 234 4297 ¹
253 4256 294 4314 lld
314 4258 387 4311 hune
408 4251 517 4308 modum
534 4250 565 4307 D.
582 4249 764 4321 llierooymus
780 4249 806 4301 in
821 4247 898 4304 isaie
914 4262 976 4317 cup.
1064 4247 1079 4288 b
1101 4249 1218 4308 terbum
1236 4251 1279 4307 trie
1291 4252 1375 4307 sumit
1386 4251 1488 4308 luctor
1501 4251 1696 4320 personaliter,
1713 4265 1762 4308 seu
1775 4268 1825 4324 pen

184 4346 226 4387 st:
237 4330 281 4386 llo
299 4344 349 4395 ses,
361 4324 511 4397 inquinem
521 4323 621 4377 diceret
633 4320 776 4374 Dominus:
790 4317 867 4383 l'eni,
877 4320 978 4374 mittem
1031 4333 1145 4387 persono
1159 4321 1232 4383 Filii,
1254 4324 1333 4390 colus
1348 4323 1485 4393 proprium
1508 4337 1607 4377 nonteu
1626 4331 1669 4379 est
1687 4323 1824 4388 Verbum,

184 4413 210 4458 tu
224 4402 257 4455 od
294 4401 434 4455 lteroonem
449 4409 534 4467 repent
543 4388 666 4463 AEpppti.
680 4388 714 4444 tu
728 4388 771 4444 ille
782 4391 839 4443 uit:
853 4387 975 4451 Obsecro.
1031 4397 1060 4445 ut
1075 4391 1153 4446 tlocct
1163 4390 1196 4445 D.
1204 4392 1326 4448 Thomas
1336 4396 1358 4460 (ι
1369 4410 1409 4465 p,
1421 4410 1447 4463 q.
1458 4393 1504 4457 di,
1514 4401 1566 4448 ort.
1575 4394 1697 4463 2):quod
1708 4393 1824 4452 l'erlrum

184 4466 472 4535 uenustissime
494 4481 552 4518 nlt-
567 4462 676 4516 Provide
686 4461 777 4529 ulium,
786 4477 859 4533 quem
871 4462 976 4516 mittor:
1030 4477 1078 4530 por
1087 4461 1299 4517 incarnationem
1312 4466 1422 4517 missum
1434 4474 1477 4518 cst
1491 4464 1524 4518 ed
1542 4466 1678 4519 sanandos
1689 4464 1823 4521 immines.

185 4546 249 4607 sire,
264 4553 292 4596 ut
305 4542 332 4593 iu
346 4537 456 4594 Dorsuo
475 4482 580 4607 fruitur,
598 4532 681 4599 liitte,
696 4549 772 4604 quem
791 4534 917 4587 missurus
939 4548 975 4587 es.
1031 4531 1092 4585 ll'on
1106 4533 1173 4587 enim
1187 4541 1224 4595 est
1235 4532 1308 4587 uliud
1323 4548 1415 4588 nonten
1431 4535 1477 4587 rud
1490 4532 1552 4588 culo
1563 4533 1654 4587 dotum
1664 4532 1823 4601 dominibus,

186 4613 250 4668 lllon
265 4611 297 4666 ds
311 4617 469 4678 corrtempto.
486 4606 531 4659 sed
544 4606 575 4659 de
591 4603 735 4658 lrrrrrrilitote
749 4605 891 4666 respoudit.
907 4602 975 4660 Sunt
1028 4605 1055 4656 io
1068 4618 1119 4672 qno
1131 4612 1247 4672 oportent
1261 4619 1308 4658 oos
1322 4603 1406 4657 solues
1423 4602 1481 4674 pieri
1502 4619 1512 4656 .·
1532 4611 1562 4659 ιιι
1581 4604 1680 4658 dicitnr
1702 4606 1763 4659 tlet.
1780 4620 1823 4659 ιιι.

184 4685 267 4753 igitur
281 4683 339 4736 itae
352 4681 434 4734 serim
449 4677 561 4801 Ιιιῖξιε,
576 4690 655 4745 utrem
671 4674 825 4730 lticAuctor
837 4673 975 4745 legislato-
990 4663 1016 4724 D
1030 4673 1133 4730 Eodem
1150 4673 1231 4727 otrodo
1247 4674 1277 4727 D.
1296 4673 1409 4728 Dositius
1424 4687 1564 4741 expromens
1587 4674 1712 4729 eumdem
1736 4679 1839 4748 ocrei-1

184 4771 243 4810 rem
258 4762 352 4819 secat,
375 4764 437 4806 cum
456 4763 472 4801 a
517 4748 609 4802 ormino
624 4744 777 4801 ntitterctur
790 4746 824 4799 ud
845 4745 973 4816 populum
1028 4747 1119 4799 culum
1141 4762 1149 4799 ι
1171 4744 1294 4805 dlodum,
1311 4744 1417 4809 inussit,
1439 4746 1532 4799 solutis
1548 4745 1620 4799 docet
1641 4761 1651 4798 .·
1670 4743 1743 4799 Deos
1757 4747 1824 4800 mim

186 4826 375 4891 liebrreorum,
389 4833 417 4876 et
431 4819 464 4874 ad
476 4832 567 4887 regem
582 4814 750 4871 Pharaonem
762 4856 769 4880 ,
793 4830 856 4888 sese
876 4816 910 4869 uls
925 4817 975 4874 lunc
1034 4814 1155 4880 Verium,
1168 4813 1242 4868 lucrm
1254 4817 1350 4885 tuctus,
1364 4823 1387 4867 et
1400 4816 1490 4869 troiscos
1502 4826 1528 4868 ut
1541 4813 1616 4869 ioum
1625 4816 1697 4883 (num
1708 4813 1823 4883 otDeus,

187 4911 299 4953 risunere
314 4901 340 4948 et
355 4892 489 4962 legatione
506 4887 632 4943 obeunda
648 4887 818 4952 exestuantis,
842 4888 917 4953 nuasi
935 4887 976 4941 di·
1030 4887 1272 4953 incircumscriptus
1283 4886 1331 4955 est)
1345 4885 1429 4940 omnis
1441 4886 1543 4957 perieris
1557 4887 1703 4940 animorum
1715 4886 1824 4942 ootnero

183 4976 260 5023 ecret
279 4984 288 5020 t
310 4963 388 5020 itote
399 4978 473 5034 ouem
486 4959 613 5014 missurus
627 4973 673 5025 et,
688 4956 715 5012 iu
730 4968 791 5022 cst,
809 4973 887 5027 sptem
904 4958 975 5013 nesti
1028 4959 1138 5022 sonoris,
1151 4967 1173 5011 et
1184 4968 1318 5028 corruptos
1328 4967 1424 5015 mentes
1434 4955 1573 5009 incolomes
1582 4955 1705 5010 reddidit.
1717 4957 1747 5011 l).
1760 4959 1823 5013 laem

185 5026 358 5096 idoneum'ad
369 5035 440 5091 Dono
450 5033 624 5102 legationem,
635 5039 661 5085 et
672 5043 751 5097 notem
764 5043 855 5084 resera
868 5029 975 5085 mittere
1031 5028 1213 5098 Hieronymus
1225 5026 1342 5083 Verbum
1357 5029 1552 5097 interpretetur
1564 5027 1653 5097 ipsum
1662 5027 1823 5097 Filium,qui

186 5109 341 5166 decrevisti.
357 5106 410 5163 Sed
426 5105 485 5161 une
505 5102 587 5159 serbe
602 5115 649 5170 per
662 5101 818 5169 allegoriam
842 5096 976 5169 interpre-
1028 5100 1054 5153 in
1066 5099 1193 5169 principio
1203 5108 1257 5153 mot
1268 5097 1390 5160 Verium,
1401 5099 1444 5167 qui
1454 5100 1480 5149 in
1490 5094 1630 5169 Europetio
1640 5107 1714 5152 sonot
1724 5115 1824 5153 omnem

185 5187 260 5237 tetur
273 5182 374 5233 Auctor
394 5175 428 5231 de
451 5173 560 5240 lleesiu,
576 5172 621 5243 qrri
644 5170 790 5226 mittendus
803 5179 861 5225 erat
877 5170 910 5225 ud
932 5187 976 5228 re·
1031 5171 1180 5242 languorem
1197 5180 1221 5224 et
1236 5185 1336 5223 ornnem
1360 5168 1537 5237 infirmitatem
1552 5168 1578 5219 io
1595 5166 1667 5238 plede
1681 5165 1773 5238 (donn.
1790 5174 1822 5241 ι).

186 5249 369 5321 demptionem
389 5245 496 5320 generis
508 5241 618 5299 humani
631 5261 638 5295 ι
653 5241 878 5312 quemadmodum
894 5242 976 5297 etiem
1031 5240 1085 5296 itit
1107 5257 1154 5309 per
1171 5239 1287 5295 Verbrrm
1309 5238 1463 5309 intelligunt
1486 5239 1629 5307 imperium
1653 5254 1700 5293 sen
1727 5241 1823 5295 soluo-

187 5320 309 5377 Ecelesia
322 5318 417 5375 eodem
428 5318 509 5373 serbe
524 5317 550 5370 in
563 5313 653 5370 oillcio
665 5313 848 5368 ecclesiastico
858 5311 891 5365 ad
903 5313 978 5367 (iliri-
1032 5320 1114 5367 torem
1127 5311 1184 5371 Dei,
1199 5326 1251 5379 noa
1273 5320 1407 5376 temonem
1428 5323 1508 5363 causa
1527 5308 1669 5379 principali
1690 5309 1823 5380 signitirat

187 5392 221 5446 sti
236 5391 379 5446 sorentum
393 5387 591 5450 accommodet,
613 5399 693 5455 ouem
708 5381 758 5439 SS.
774 5381 935 5453 petria‘rcltae
950 5392 978 5439 et
1032 5380 1175 5437 Psalmista
1191 5381 1320 5437 lleltroeos
1333 5382 1359 5434 in
1378 5380 1488 5435 deserto
1502 5386 1639 5433 sunetosu
1655 5396 1747 5436 morso
1762 5398 1823 5436 ser·

187 5466 325 5530 pooptsetre
339 5458 537 5517 ardentissimis
550 5457 620 5513 sotis
632 5456 796 5524 exoptatum
807 5471 814 5506 :
826 5453 976 5524 crrjttsmodi
1032 5462 1142 5523 pentum
1153 5493 1160 5513 .
1176 5468 1230 5507 non
1242 5468 1257 5506 o
1271 5458 1400 5521 serpente
1410 5465 1497 5518 aeoeo,
1509 5465 1591 5522 quem
1603 5452 1692 5508 erexit
1703 5451 1821 5523 llopses,
1907 5507 1909 5509 ‚

186 5541 252 5589 sirm
271 5533 440 5601 precationes
454 5530 524 5598 tlte,
545 5536 573 5584 ct
593 5525 707 5591 suspirio
727 5540 735 5579 t
755 5523 851 5579 Dontte
869 5538 975 5596 nonum,
1031 5524 1074 5579 sel
1089 5523 1178 5593 alioue
1190 5523 1242 5577 alic
1259 5537 1289 5579 re
1300 5532 1403 5579 creato.

187 5603 321 5670 nenton,
335 5600 521 5655 dosuirsutorem
541 5610 616 5655 terrtc
631 5594 720 5669 (lenite
731 5596 798 5665 xri).
809 5593 914 5651 Utioom
935 5596 974 5648 di·
1069 5605 1080 5633 e
1096 5593 1208 5649 [latione
1217 5594 1416 5650 communionis
1426 5592 1596 5659 idiomatum,
1607 5606 1667 5665 quae
1678 5608 1710 5648 ex
1722 5591 1824 5651 unione

186 5688 319 5741 stupore
341 5668 428 5737 coles,
444 5681 469 5724 et
489 5671 652 5726 descenderes
667 5667 758 5737 (lertio
781 5670 866 5736 ests).
893 5664 976 5720 l'isitu
1030 5663 1142 5720 duarum
1164 5673 1321 5720 naturarum
1336 5666 1361 5721 in
1374 5681 1428 5721 uuo
1441 5664 1535 5722 eodem
1557 5681 1590 5722 ue
1606 5676 1658 5735 sup
1695 5666 1822 5721 simeon-

188 5761 235 5799 nos
257 5745 284 5797 in
306 5742 417 5797 solutori
442 5737 677 5813 trroqll‘snlmss).
696 5734 974 5807 Osterrrlcrrolrr's,Do-
1030 5735 1213 5808 sequitur2ut
1227 5751 1300 5808 stupe
1313 5736 1414 5793 dictum
1429 5744 1471 5793 esi
1485 5683 1566 5808 (Viae
1580 5748 1638 5806 cop.
1683 5728 1787 5808 dimit).

190 5817 273 5887 turne,
289 5813 382 5887 [oriem
397 5821 476 5876 tuoto,
493 5820 546 5864 etc.
562 5810 646 5880 ll'sul.
664 5825 747 5864 tants
768 5821 789 5879 ι.
