4009 6184
126 408 131 413 ¹
171 339 219 394 tat

559 329 834 389 semenstri!
855 329 956 399 PAPAE
977 329 1155 388 Ei'lSTOLAE
1176 332 1221 388 st
1242 333 1410 391 nectara.
1457 336 1461 345 '

1757 332 1812 389 ⁸3¹2

168 459 286 523 portata,
312 449 403 520 ibique
425 447 505 513 lecta,
523 454 599 502 tauto
619 422 776 516 alliamenta
799 442 919 513 inierunt,
935 452 964 500 nt
980 451 1000 508 Α
1016 448 1115 519 γνόντες
1127 449 1195 504 πάνυ
1208 449 1299 515 πολλὰ,
1312 451 1378 506 ὥστε
1395 452 1438 504 καὶ
1450 451 1605 529 γεγράφασιν
1621 451 1808 529 signipotens·

167 545 279 613 plurimi
294 558 311 599 e
324 544 482 613 magistratu
498 539 566 597 milti
578 539 638 610 ejus
650 555 730 595 causa
746 540 846 610 gratius
861 555 909 609 pcc
922 538 965 595 lit·

170 649 244 694 teras
258 638 374 707 egerint.
391 634 490 689 Verum
506 633 558 688 boc
573 640 586 670 ¹
602 632 652 703 ipsi
668 632 716 687 irae
737 641 829 687 contra
843 646 887 687 mc
901 646 964 689 sus·

169 742 253 801 cepta
265 730 412 785 lomentum
422 724 647 781 subministravit.
659 724 703 778 dle
716 724 808 793 itaque
818 731 848 778 ut
858 724 965 778 bomem

170 825 319 893 itupngoat,
333 819 405 875 aliud
421 820 500 889 plane
525 816 593 873 niltil
610 815 643 871 de
666 830 720 884 quo
734 829 778 870 me
793 817 897 869 incuset
915 813 965 868 lta·

169 917 246 980 bens,
261 914 310 967 nisi
334 911 405 982 qnod
419 911 453 965 ab
476 909 509 964 iis
532 923 593 979 quae
617 906 701 963 sentit
719 905 864 971 abhorreo,
892 920 966 961 cam·

169 1020 222 1074 qne
239 1019 322 1075 quant
337 1018 351 1057 a
367 1001 488 1071 patribus
506 1000 670 1068 acecpimus,
687 1005 715 1053 et
732 1012 765 1052 ex
781 996 879 1052 divinis
893 994 967 1052 Scri·

170 1098 256 1164 pteris
268 1095 422 1161 didicimus,
434 1093 515 1149 iidem
527 1090 813 1162 amplectendamesse
822 1090 894 1145 serio
903 1103 967 1159 pcr-

170 1187 298 1253 sttadens‚
310 1188 410 1241 multus
422 1184 455 1240 ad
467 1181 855 1238 ssoammenlcmreduserim.
868 1179 967 1235 ierem

171 1280 249 1335 liocrl
275 1276 377 1333 iaciens
400 1292 461 1348 qnae
479 1277 622 1330 aduersum
648 1271 882 1353 memacltinatus
907 1282 967 1335 est,

171 1372 281 1443 Deoque
293 1370 339 1442 qui
351 1372 441 1425 omnia
452 1369 525 1424 ttotit
540 1375 568 1422 et
582 1366 665 1430 ralct,
677 1366 849 1421 committens
864 1364 967 1429 utttnia,

172 1465 286 1520 alteram
302 1477 396 1517 rursus
412 1459 592 1530 lepistolam,
609 1446 669 1525 qum
689 1463 772 1510 rectae
786 1453 847 1508 ndei
862 1454 969 1522 esposi-

173 1558 274 1611 tinncm
286 1554 362 1609 breui
376 1550 539 1622 compendio
552 1549 792 1619 complecteretur,
817 1545 850 1601 ad
865 1561 970 1603 memu-

171 1659 261 1702 satnm
277 1646 349 1712 misi,
363 1645 475 1699 bertana
488 1642 571 1696 simul
582 1649 610 1696 et
621 1641 760 1694 obtestans
773 1653 807 1694 nc
820 1637 893 1693 aliod
903 1652 968 1693 sen·

173 1743 237 1797 tirel
251 1754 283 1796 ac
294 1739 461 1810 loqueretur.
476 1735 530 1791 Setl
545 1750 594 1791 nec
609 1748 719 1788 rursum
744 1732 891 1803 quidquam
907 1745 971 1803 pro-

172 1832 236 1887 ieci.
252 1831 288 1886 lis
305 1830 378 1885 enim
394 1843 454 1900 qum
468 1826 502 1882 ab
517 1827 595 1881 initio
608 1832 778 1881 commentus
801 1822 900 1890 lucrat,
917 1822 1009 1888 bucB

174 1940 260 1995 usque
274 1923 450 1993 pertinaciter
460 1919 594 1984 adbaeret,
608 1933 660 1974 ncc
680 1917 760 1973 itoem
775 1929 904 1991 peruersa
917 1910 970 1970 do·

175 2015 253 2071 celtdl
274 2014 349 2072 έῢΰίέ.
935 2066 942 2105 ι

210 2109 238 2164 5.
255 2118 267 2148 r
283 2108 357 2165 Sciat
371 2115 398 2162 et
424 2106 476 2162 bac
490 2105 576 2174 pietas
604 2112 668 2171 tus,
684 2103 711 2159 io
735 2116 830 2159 earnes
853 2101 972 2158 Orientis

169 2201 316 2270 episcopor
342 2198 488 2255 contenire
502 2212 563 2265 quse
586 2195 722 2261 dicenter,
741 2195 850 2251 scilicet
867 2192 971 2249 edendi

175 2307 270 2348 onmes
282 2302 310 2346 οι
321 2291 427 2359 dolere,
444 2290 563 2345 maxime
577 2304 643 2343 reru
652 2286 897 2343 reverendissimos
909 2285 971 2341 ‘lla-

175 2383 297 2439 meoniae
320 2383 472 2453 episcopos.
485 2381 521 2435 Et
533 2394 595 2434 cttm
610 2377 661 2433 bae
673 2366 843 2447 conspertum
862 2376 971 2441 babeat,

175 2492 206 2531 se
218 2473 367 2531 omnibusl
383 2475 573 2544 sapientiorem
586 2485 658 2538 esso,
672 2485 703 2526 se
714 2471 802 2526 solun
823 2469 972 2534 Scripturte

177 2565 307 2620 dirittitus
339 2564 477 2633 inspirata
504 2575 616 2632 scopum
637 2561 782 2631 attigisse,
818 2568 846 2616 ct
871 2556 972 2614 Christi

177 2657 336 2730 mysterium
362 2653 521 2725 cognouisse
544 2652 702 2708 arbitratur.
730 2650 810 2723 Atqui
837 2650 973 2722 quamodo

177 2766 230 2803 noo
243 2749 362 2818 aportuit
372 2762 433 2803 eom
447 2744 513 2802 illud
526 2744 616 2813 potins
629 2759 678 2815 pro
695 2754 773 2800 carta
786 2742 898 2809 babere,
911 2758 972 2799 cent

177 2857 273 2899 omnes
284 2857 333 2912 μιν
346 2850 430 2897 totum
442 2840 536 2895 mbem
544 2840 684 2895 constituti
695 2837 839 2895 orthodoxi
853 2837 972 2908 episcopi

177 2952 209 2991 ae
224 2936 283 2992 laici
298 2934 437 2992 Citristum
450 2935 545 3000 lictant,
559 2947 590 2989 ae
603 2931 739 3004 Virginem
755 2931 904 3002 quasillum
927 2947 974 3001 ge·

177 3028 236 3083 nuit
259 3029 402 3097 Deiparam
417 3025 609 3091 confiteantur,
625 3038 655 3080 se
676 3023 765 3080 seium
780 3025 825 3094 qni
842 3023 895 3079 bec
911 3021 973 3078 ittll·

177 3120 275 3188 elatus,
290 3117 518 3176 errareilllerum
534 3115 602 3170 iasio
623 3114 856 3171 tumettsacsctiis
875 3112 980 3184 polett·'

1017 561 1060 602 τες
1072 540 1187 596 ττλιῖοτοι
1199 542 1501 615 ratiocinativus&
1513 548 1584 618 αὐτῷ
1593 550 1635 602 ναί
1644 553 1720 604 τούτο
1731 553 1811 621 τροφοί

1016 639 1062 692 τῆς
1073 631 1128 686 κατ’
1136 631 1196 704 ίμού
1206 631 1299 697 λύπης,
1307 636 1350 688 καί
1364 634 1398 693 ὡς
1409 635 1495 710 έχθρῷ
1508 637 1635 709 μάχιται,
1646 638 1810 714 ούδένέτιρον

1017 721 1087 793 ἔχων
1100 723 1221 795 ίγναλιῖν,
1238 725 1253 786 ἦ
1267 722 1306 779 ὅτι
1319 721 1392 798 μένον
1406 728 1450 782 ούκ
1464 728 1591 799 ἀνέχομαι
1604 730 1638 784 τὰ
1651 724 1699 785 ἶσα
1712 738 1811 803 φρονεῖν

1017 818 1095 887 αύτῷ.
1110 816 1181 870 Ἀλλὰ
1199 819 1242 871 καὶ
1259 818 1431 890 ίττηνὼρθωσα
1444 820 1567 883 πολλούς,
1582 822 1612 880 ἦν
1633 821 1811 898 παριλαῖομιν

1018 906 1045 959 έν.
1059 908 1175 980 πατέρων
1188 910 1284 966 πίστιν.
1303 914 1346 964 καί
1359 909 1376 965 ἂ
1387 912 1508 986 έμέιθομιν
1523 913 1549 965 έκ
1562 920 1607 973 τῆς
1621 914 1688 972 θείας
1699 922 1810 988 [fugiit.

1018 998 1100 1054 έκεῖνα
1115 998 1145 1059 δή
1160 1005 1318 1056 καταπιίθων
1340 1004 1433 1063 αύτούς
1448 1001 1547 1059 eiectat
1566 1003 1651 1060 διττά.
1666 1002 1754 1079 'Oport-
1770 1011 1813 1062 καί

1019 1091 1049 1143 ού
1061 1094 1197 1166 φροντίσας
1210 1099 1260 1147 τῶν
1275 1094 1338 1164 παρ’
1344 1095 1423 1148 αύτού
1442 1096 1580 1168 γενομένων
1594 1096 1649 1151 κατ’
1656 1098 1729 1166 έμοῦ.
1749 1099 1813 1153 ἀλλὰ

1019 1189 1074 1255 θοῷ
1092 1179 1153 1243 δούς
1170 1189 1208 1257 τῷ
1228 1184 1311 1239 ττίιντα
1325 1183 1403 1240 ridicu
1421 1189 1462 1239 καί
1484 1188 1620 1257 ἰσχύοντι,
1636 1189 1711 1243 πάλιν
1725 1190 1813 1266 ίτέραν

1019 1272 1153 1332 εἰτιστολήν
1166 1275 1282 1348 γέγραφα
1295 1282 1331 1345 τῷ
1345 1277 1551 1349 μνημονιυθέντι,
1567 1282 1612 1337 τήν
1626 1276 1724 1334 ἔνθεσιν
1738 1283 1772 1341 ὡς
1788 1282 1813 1336 έν

1020 1364 1138 1436 συντόμῳ
1148 1373 1194 1426 τῆς
1206 1367 1279 1443 ὀρθῆς
1290 1369 1402 1428 πίστεως
1414 1364 1544 1439 έχονοαν,
1559 1369 1710 1443 magnanima
1720 1392 1747 1425 τε
1758 1370 1813 1441 ἅμα

1019 1460 1061 1512 καί
1075 1455 1327 1535 διαμαρτυρούμενος
1341 1459 1408 1515 οὕτω
1427 1465 1471 1516 καί
1486 1469 1580 1538 φρονεῖν
1594 1465 1635 1518 καί
1650 1462 1743 1518 λαλεῖν·
1760 1466 1813 1518 uti*

1021 1546 1107 1608 ὦνησα
1118 1551 1193 1605 πάλιν
1206 1550 1287 1606 οὐδέν.
1298 1547 1410 1623 'Exorat
1424 1551 1452 1608 tt
1464 1556 1506 1607 καί
1516 1555 1552 1614 τίς
1565 1552 1639 1631 δεῦρο
1652 1562 1702 1610 τῶν
1713 1557 1797 1634 ἆτ’ἁμ
1809 1592 1812 1598 n

1021 1649 1084 1711 χῆτ,
1101 1644 1144 1699 καί
1156 1643 1185 1697 ού
1199 1645 1308 1699 παύιται
1322 1643 1402 1699 λαλῶν
1413 1646 1446 1701 τὰ
1460 1642 1657 1722 διεστραμμένα.

1058 2101 1204 2155 Fumarium
1218 2098 1246 2155 δέ
1257 2102 1299 2154 κοί
1312 2106 1387 2157 τοῦτο
1399 2102 1416 2160 ti
1430 2106 1465 2162 oti
1476 2096 1640 2165 tristante
1657 2105 1719 2158 ικαὶ
1731 2103 1815 2160 ἅπασι

1023 2198 1079 2252 τοῖς
1087 2193 1152 2248 κατὰ
1165 2196 1211 2251 τήν
1223 2193 1344 2252 ἀνατολήν
1359 2194 1508 2256 intrudatur
1520 2194 1624 2269 σννᾴύιι
1637 2198 1671 2251 τά
1680 2194 1813 2271 λτρίμινα·

1023 2286 1066 2337 ναί
1080 2282 1285 2361 δυσχεραίνουσι
1298 2287 1393 2346 ποίνττς
1412 2289 1454 2340 arti
1469 2286 1626 2352 λυποῦνται,
1647 2289 1686 2342 καί
1703 2289 1816 2363 μάλιστα

1023 2375 1046 2428 οέ
1056 2379 1118 2432 κατὰ
1129 2380 1173 2435 τήν
1182 2373 1335 2432 Μακεδονίαν
1345 2376 1529 2434 :italiorum
1537 2378 1670 2434 έπίσκοιτοι
1689 2381 1733 2432 καί
1742 2385 1817 2434 τοῦτο

1023 2464 1108 2531 εἰδὼς,
1122 2465 1200 2523 οἴιται
1214 2466 1255 2524 ὅτι
1269 2471 1371 2525 ττνίντων
1385 2472 1441 2525 duri
1455 2472 1607 2544 σοφέιττρος.
1623 2473 1664 2525 ναί
1678 2472 1753 2544 μένος
1765 2467 1816 2526 uide

1023 2558 1067 2613 τὸν
1076 2560 1168 2614 σκοπὸν
1182 2568 1229 2620 τῆς
1242 2561 1411 2615 daemoniosae
1420 2568 1533 2634 fpnprie,
1546 2564 1589 2617 καί
1602 2562 1631 2618 τί
1645 2568 1691 2618 τοῦ
1705 2569 1817 2639 Χριστοῦ

1024 2653 1180 2720 μυστήριον·
1198 2653 1280 2707 καίτοι
1293 2658 1349 2712 πῶς
1362 2654 1407 2707 ούκ
1424 2650 1477 2708 ἴδοι
1497 2653 1712 2728 πληροφοριῖσύαι
1725 2653 1818 2725 μᾶλλον

1024 2741 1110 2804 αὐτὸν,
1122 2736 1160 2796 ὅτι
1174 2743 1275 2798 πάντων
1287 2749 1338 2798 τῶν
1351 2744 1418 2797 κατὰ
1430 2748 1519 2799 πᾶσαν
1531 2747 1578 2803 sis
1587 2745 1731 2814 οἰκουμένην
1745 2744 1818 2819 ὀρύα·

1024 2825 1105 2893 δόξων
1118 2829 1262 2886 έσιοιιέττονν
1276 2835 1318 2885 καί
1331 2832 1424 2886 λαῖκῶν
1436 2831 1635 2906 ὁμολογούντων,
1650 2832 1689 2889 ὅτι
1702 2838 1744 2888 καί
1754 2835 1818 2894 θεὸς

1025 2919 1078 2983 dri
1092 2923 1218 2997 Χριστὸς,
1232 2925 1276 2977 καῖ
1290 2923 1446 2985 Θιοτὸννςύ
1460 2929 1573 2979 τεκοῦσα
1592 2925 1668 2979 αὐτὸν
1681 2925 1820 2999 παρθένος,

1025 3024 1153 3082 πλανᾶται
1167 3025 1242 3099 μένος
1261 3027 1336 3086 αύτὸτ
1355 3030 1431 3081 τούτο
1447 3025 1614 3101 ἁρνούμινοςς
1629 3025 1819 3100 ἀλλ’ίφρύιται,

1025 3129 1066 3180 καί
1078 3124 1240 3203 οἷοταιὸτιτῇ
1251 3126 1388 3201 δυναστιίορ
1397 3124 1536 3201 τοῦθρύννυ
1547 3131 1627 3180 πᾶσιν
1640 3126 1818 3192 intitulatione,

179 3210 228 3274 tia,
245 3215 274 3263 ut
284 3207 408 3263 omnibus
419 3206 530 3263 iusidias
549 3216 646 3270 strttat,
669 3207 797 3271 abutens,
811 3206 968 3262 effectorum
984 3203 1007 3264 C
1023 3233 1065 3286 mg
1078 3233 1146 3302 ἡμᾶς
1159 3228 1174 3288 ἦ
1188 3231 1230 3284 ml
1243 3229 1304 3289 τοὺς
1319 3224 1409 3288 ἅνρους
1423 3226 1540 3288 ἅπαντας
1558 3228 1693 3283 mag„
1705 3229 1740 3283 τὰ
1754 3229 1821 3284 αὑτὰ

179 3301 367 3357 scarbitratur
381 3308 411 3353 nt
424 3306 453 3354 et
474 3313 523 3354 nos
536 3306 563 3354 ct
574 3298 669 3369 reliqui
691 3312 787 3353 omncs
809 3313 867 3353 sttae
887 3300 972 3369 ipsius

180 3395 321 3450 sententiae
340 3392 551 3453 subscribamus.

217 3487 247 3542 t.
267 3485 368 3558 Ecquid
383 3484 463 3555 igitur
486 3483 637 3540 iaciemus?
662 3496 723 3538 cum
746 3495 833 3551 neque
847 3480 921 3537 illotn
943 3490 973 3536 ιιι

181 3580 334 3649 resipiscat,
349 3592 437 3649 neque
457 3585 486 3631 ιιι
508 3575 639 3646 ejusmodi
659 3573 835 3631 concionibus
860 3574 974 3631 absistat

181 3672 309 3727 inducere
321 3683 450 3740 queamus
460 3684 468 3733 3
479 3670 647 3738 populusque
659 3665 973 3735 Cottstantittopoiitanus

180 3762 265 3833 magis
280 3776 312 3817 ae
326 3760 411 3831 magis
434 3759 462 3814 in
485 3758 544 3814 dics
565 3765 763 3828 corrumpatur,
785 3757 890 3811 tametsi
914 3755 972 3811 ltaec

181 3854 292 3925 indigne
308 3852 387 3919 ierat,
401 3862 428 3905 et
437 3850 472 3905 ab
481 3847 806 3906 ortbedoaisdoetoribns
818 3847 971 3917 praesidium

180 3946 339 4017 exspectet?
365 3944 448 4001 Nobis
466 3958 531 3999 saue
552 3943 587 3998 de
608 3943 691 3998 rebus
714 3932 868 4011 vulgaribus
881 3955 973 3996 sertam

181 4054 235 4094 non
250 4048 303 4106 est,
319 4037 367 4094 sed
392 4050 480 4104 neque
506 4034 618 4104 pericttli
643 4047 740 4102 expers
760 4032 830 4088 niret
852 4042 972 4088 nostrum

180 4130 331 4186 silentium.
349 4127 376 4184 st
388 4128 460 4183 ettitn
470 4123 594 4180 cbristus
604 4122 734 4179 conuiciis
748 4125 893 4194 appetitor,
906 4139 974 4194 quo·

181 4221 263 4276 modo
278 4234 328 4276 nos
342 4217 503 4275 silebimus?
524 4215 642 4273 maxime
653 4229 716 4270 cnm
729 4215 830 4271 Paulus
851 4218 971 4275 scribat:

216 4387 229 4417 ¹
243 4376 362 4438 scilieet,
374 4372 508 4441 Numerio,
521 4374 599 4446 cujus
613 4388 711 4432 nomen
726 4374 753 4430 in
766 4374 873 4445 uulgata
887 4374 973 4431 inter·

181 4451 332 4521 pretatione
352 4447 396 4502 bie
410 4456 438 4503 et
451 4445 521 4502 inira
535 4446 696 4516 exprimitur
706 4445 833 4515 qttidetn;
847 4446 894 4501 sed
908 4461 970 4501 cum

182 4525 232 4575 ltoc
246 4517 364 4591 cyrillus
374 4532 428 4572 non
442 4519 500 4572 sine
512 4531 594 4572 causa
608 4525 765 4574 constanter
774 4515 869 4573 Graece
879 4516 968 4585 sileat,

179 4593 261 4645 etiam
275 4588 504 4645 batinedntimus
519 4586 674 4642 tacendum.

217 4659 232 4699 b
253 4660 348 4713 Exstat
363 4667 392 4714 et
403 4658 461 4713 baec
474 4657 586 4729 epistola
601 4673 610 4712 t
625 4664 695 4726 part.
709 4657 808 4714 concii.
828 4655 930 4725 Epltcs.
945 4674 972 4715 c.

180 4731 208 4786 8.
226 4731 370 4798 Antiquam
381 4729 452 4785 illins
466 4729 715 4851 interpretationem
729 4728 825 4798 Stcplt.
847 4728 974 4783 baluzius

182 4817 246 4857 tter.
261 4800 325 4853 c'tiil.
340 4799 439 4856 concil.
456 4812 517 4868 pag.
552 4796 587 4854 ut
599 4797 717 4865 exbibet,
733 4800 780 4853 sed
798 4798 879 4853 aliam
895 4800 929 4854 ab
943 4815 974 4854 ca

182 4888 261 4940 qnam
276 4869 417 4925 liberatus
427 4882 453 4924 o.
467 4868 485 4923 l
497 4867 590 4937 primis
603 4869 675 4924 illius
685 4869 775 4924 uerbis
789 4868 901 4924 indicat.

220 4953 232 4981 ν
254 4944 273 4996 Α
291 4939 383 4996 Grues
395 4939 483 4996 littera
497 4937 600 4995 recedit
623 4939 729 5008 uulgata
746 4938 934 5008 interpretatio
948 4939 974 4994 in

183 5015 254 5067 ltuttc
267 5010 387 5066 modam.
404 5010 476 5066 Sciat
489 5007 656 5065 nibilominus
673 5010 754 5064 τοίνυν
764 5025 865 5080 quoquc
877 5011 973 5063 soncti-

179 5092 221 5136 τοι
236 5082 323 5151 (apud
336 5081 421 5151 (lgril.
437 5077 536 5154 pietus)
554 5086 610 5147 tuo,
626 5097 715 5151 nenrpc
740 5090 882 5134 commertio
901 5082 974 5135 illius

180 5153 327 5207 orientales
340 5167 391 5205 nott
404 5153 521 5219 probare,
536 5149 581 5205 scd
594 5149 690 5218 offendi
705 5167 747 5206 eos
757 5167 788 5205 nc
802 5151 900 5205 dolere.

218 5221 232 5259 ‘¹
253 5222 325 5277 ltlcm
338 5221 365 5278 io
376 5236 409 5277 eo
421 5221 516 5277 uitium
532 5222 659 5278 Socrates
671 5223 718 5277 lib.
736 5237 774 5276 ιιι
789 5236 815 5277 c.
831 5221 866 5277 οἳ
880 5236 975 5292 repre·

183 5292 277 5348 ttenilit
289 5293 330 5347 itis
344 5293 453 5347 uerbis:
470 5294 626 5361 Arrogantio
646 5293 713 5346 enirn
727 5293 810 5346 elutus
823 5292 853 5346 ού
872 5290 975 5347 dimitti

183 5365 343 5432 fucultatem,
358 5362 438 5418 libros
452 5364 529 5417 etium
541 5372 651 5417 ceterum
660 5364 827 5431 interpretum
839 5361 975 5432 boudqtto·

180 5449 261 5502 quom
275 5434 356 5504 legere
369 5433 533 5504 dignabatur,
544 5433 589 5486 sed
603 5434 721 5503 seipsum
737 5432 844 5503 reliquia
858 5436 975 5487 cornibus

182 5512 307 5571 prostare
316 5503 487 5559 ematimobnt.
503 5505 578 5558 ilutte
590 5505 750 5574 arrogantie
760 5504 884 5558 morbotn
896 5505 975 5557 tcilo·

184 5575 243 5627 lottt
269 5573 352 5628 rerba
371 5574 442 5628 illius
457 5575 483 5629 in
498 5574 637 5644 superiore
663 5574 847 5630 admonitione
876 5574 972 5636 tutata,

183 5642 282 5711 quibus
295 5641 469 5704 celestinum
489 5644 683 5714 simpliciorem
705 5653 787 5713 atque
806 5643 973 5700 hebetiorem

184 5713 330 5782 piraticas,
354 5729 434 5784 qoam
456 5724 484 5769 ut
507 5715 541 5769 ad
561 5714 719 5785 dogmatum
740 5716 795 5769 rim
816 5729 848 5768 ac
862 5728 972 5768 sensum

184 5793 328 5854 penetrare
350 5784 446 5839 talcar.
462 5783 548 5854 ipsius
563 5798 630 5842 rere
656 5784 775 5842 Nestorii
795 5785 972 5855 ignorantiam

1025 3338 1121 3407 φρονεῖν
1134 3332 1212 3402 αὐτῷ.

1060 3513 1090 3566 Τί
1108 3511 1192 3567 τοίνυν
1209 3508 1355 3587 Episcopatu:
1370 3505 1427 3564 νύτι
1447 3509 1624 3569 ὰναπιίθοντις
1642 3508 1737 3574 αὑτὸν,
1758 3506 1819 3567 ούτι

1025 3621 1125 3670 παῦσαι
1141 3612 1276 3685 δυνάμενοι
1289 3620 1339 3667 τῶν
1358 3612 1479 3667 τοιούτων
1497 3608 1613 3682 ὁμιλιῶν,
1634 3614 1677 3666 ναί
1695 3610 1821 3686 ὁσημέραι

1026 3716 1232 3791 κατιρθαρμίνων
1246 3721 1296 3770 τῶν
1308 3715 1375 3769 λαῶν
1388 3721 1440 3770 τῶν
1457 3715 1482 3769 έν
1497 3715 1765 3774 coambulatio.
1778 3718 1822 3769 καί

1025 3816 1248 3894 δυνχιραινύιτων
1261 3818 1317 3890 μίν,
1332 3814 1506 3890 ένιδνχομίννιν
1520 3814 1548 3877 δέ
1562 3821 1609 3877 τὴν
1622 3817 1696 3889 παρὰ
1707 3824 1758 3873 τῖον
1771 3817 1820 3892 ὄρ

1025 3918 1134 3985 θοδύξυν
1147 3917 1304 3975 διδασκάλων
1316 3917 1533 3993 ἦτοιονρέανςοιαί
1546 3918 1577 3971 ού
1588 3918 1652 3992 ιτιρέ
1663 3925 1714 3971 τῶν
1724 3914 1823 3988 τνχέν·

1025 4041 1076 4076 των
1090 4018 1188 4093 ὀλίγος
1201 4020 1278 4092 ύμῖν,
1294 4014 1409 4072 νἰλλάύύέ
1425 4015 1556 4077 dabitur
1573 4017 1589 4076 i
1608 4020 1704 4077 ταυτί.
1722 4019 1751 4072 Βί
1767 4020 1822 4091 ρᾶμ

1026 4119 1181 4192 &cooperiret
1193 4118 1315 4196 Χριστὸς,
1324 4123 1382 4180 une
1393 4118 1465 4191 ipris
1478 4120 1664 4189 arausicanam
1678 4120 1760 4174 καίτοι
1771 4124 1820 4174 τοῦ

1026 4220 1124 4275 Παύλου
1142 4220 1290 4294 γράφοντος·
1303 4216 1332 4270 Ei
1348 4215 1400 4289 γὰρ
1415 4213 1477 4270 {aba
1492 4219 1570 4271 τοῦτο
1586 4208 1714 4292 πράσσω,
1729 4216 1822 4290 μισθὸν

1026 4372 1154 4433 Socratm
1165 4374 1230 4431 ibid.
1245 4389 1280 4430 er
1295 4387 1328 4429 eo
1343 4374 1453 4446 probat,
1466 4373 1663 4445 meditamur
1676 4374 1722 4432 bui
1737 4375 1823 4443 geni·

1027 4450 1120 4501 tricem
1136 4459 1293 4511 nuttettparc
1304 4453 1440 4508 renueret,
1451 4460 1532 4513 qnam
1544 4456 1654 4502 ueteres
1670 4446 1822 4516 Scripmris

1026 4517 1092 4579 nisi,
1110 4516 1321 4584 nominatimque
1345 4514 1475 4582 Origenes
1499 4514 1592 4571 tomi
1618 4517 1645 4570 iu
1668 4516 1820 4585 Epistulam

987 4587 1100 4654 nl’auii
1116 4586 1150 4641 ad
1167 4586 1311 4651 numanus,
1327 4597 1356 4641 et
1377 4587 1508 4642 Eusebius
1523 4586 1570 4641 lib.
1586 4602 1615 4641 ιιι
1628 4586 1663 4642 do
1673 4586 1734 4642 Vita
1746 4584 1823 4643 Cun-

1026 4654 1139 4712 stantioi
1159 4655 1212 4712 boo
1225 4656 1334 4711 nominc
1345 4656 1483 4725 appellare
1499 4671 1555 4713 non
1568 4656 1738 4713 dubitabant.
1762 4658 1824 4715 lloc

1025 4727 1144 4783 Nestorii
1174 4725 1299 4795 exemplo
1324 4725 1503 4782 admonentur
1528 4728 1572 4796 qui
1603 4727 1686 4783 simili
1711 4727 1826 4787 dicendi

1027 4798 1154 4853 lactrltate
1166 4796 1297 4868 gaudent,
1312 4795 1382 4851 itanc
1397 4812 1476 4852 unam
1492 4796 1582 4853 dotem
1603 4799 1637 4853 sd
1663 4799 1826 4856 tractandas

1026 4868 1088 4923 ildei
1110 4882 1156 4923 res
1180 4882 1233 4922 non
1255 4867 1322 4923 satis
1343 4881 1418 4931 esset
1435 4867 1593 4938 discantque
1613 4870 1705 4923 crateri
1720 4870 1826 4939 quibus

1027 4939 1194 5010 ingeniorum
1213 4953 1326 4994 acumen
1341 4947 1388 4992 ant
1401 4938 1485 5008 gratia
1502 4939 1563 5009 plus
1576 4953 1654 5010 aequo
1667 4940 1766 5009 placet,
1782 4956 1824 4997 ne

1026 5023 1057 5065 se
1069 5008 1131 5063 inde
1143 5009 1239 5065 abdttri
1253 5020 1355 5064 temero
1364 5008 1469 5074 sinant;
1479 5023 1528 5064 res
1537 5011 1609 5069 coint
1625 5008 1687 5065 lirici
1698 5026 1751 5063 nnn
1764 5019 1824 5068 tam

1027 5079 1125 5150 ingenii
1136 5095 1216 5149 qnam
1231 5079 1381 5134 traditionis
1400 5093 1587 5148 caseumque
1610 5094 1664 5134 nun
1688 5081 1774 5137 acuti<
1788 5097 1824 5139 sc

1026 5150 1170 5206 subtilibus
1185 5151 1309 5205 bumaiuu
1330 5150 1428 5204 mentis
1444 5151 1571 5217 inventis,
1593 5152 1640 5207 ted
1663 5149 1713 5206 bet
1734 5154 1824 5207 terito

1026 5222 1162 5276 constanti
1175 5235 1207 5275 sc
1222 5221 1291 5275 iltlcli
1305 5217 1414 5273 Patrnm
1429 5219 1573 5277 traditione
1588 5221 1665 5275 nobis
1677 5224 1824 5277 transmis-

1027 5306 1058 5346 so
1083 5290 1180 5347 ittlciri.
1206 5291 1245 5346 nd
1274 5292 1451 5346 imitationem
1468 5302 1557 5346 antem
1572 5307 1667 5348 eornm
1690 5307 1749 5374 ptam
1774 5293 1824 5348 iric

1027 5359 1143 5433 Cgrilltts
1155 5361 1189 5417 tie
1203 5360 1329 5417 Nestorio
1343 5369 1445 5427 narrat,
1459 5362 1510 5417 ista
1521 5362 1656 5418 llincemti
1669 5361 1832 5421 Lirinensis.

1028 5435 1061 5485 ail
1080 5434 1186 5488 calcem
1202 5447 1264 5503 cap.
1292 5430 1328 5485 di
1351 5447 1478 5501 expressa
1503 5443 1568 5489 νυνι
1588 5431 1695 5487 rcrba:
1718 5429 1821 5487 inuecti

1028 5503 1104 5556 etium
1119 5518 1209 5557 stamus
1228 5504 1256 5556 in
1278 5501 1392 5557 Nestorii
1413 5518 1440 5558 ιο
1456 5501 1564 5557 iuratum
1583 5504 1820 5575 presumptionem,

1027 5576 1095 5643 qttod
1108 5590 1210 5628 suerunt
1224 5574 1387 5644 Scriptorum
1406 5589 1433 5627 se
1453 5574 1565 5643 pritanum
1578 5588 1602 5628 et
1615 5572 1700 5628 solum
1721 5573 1822 5629 intulit·

1027 5660 1101 5714 gere,
1115 5653 1137 5699 et
1152 5661 1238 5699 omncs
1251 5661 1293 5699 eos
1309 5645 1442 5715 ignorasse
1454 5645 1567 5715 inermes
1588 5644 1740 5713 quicumque
1758 5653 1824 5695 onte

1026 5730 1054 5768 re
1074 5715 1214 5788 magisterii
1226 5730 1329 5771 ttttntere
1343 5713 1446 5786 proedt'li
1460 5715 1547 5769 diuino
1567 5715 1670 5781 eloquin
1683 5712 1821 5768 tracteris·

1026 5793 1091 5841 tetii.
