4009 6184
873 360 1038 418 lldllluita.

572 599 905 716 SANG'H
942 603 1374 718 nudantur

719 782 993 848 Luuubllurtsls
1014 785 1190 850 sciscunt

459 938 923 1089 Hominum
971 938 1453 1120 Qumunut.

454 1298 596 1355 itdllllld
621 1297 641 1354 l.

445 1387 486 1441 td
503 1387 651 1443 monacisca.

182 1479 348 1536 Exhortatnr
367 1494 416 1534 nos
430 1494 520 1535 sermo
538 1480 656 1547 dininas,
674 1488 703 1536 ut
716 1494 856 1536 curramus
870 1480 933 1537 dum

145 1569 233 1628 lucem
248 1571 387 1635 babemus,
396 1570 550 1641 priusquam
561 1585 610 1626 nos
623 1571 742 1626 tenebrae
754 1571 936 1642 comprehen·

146 1661 223 1718 dant.
245 1662 345 1718 Lucem
361 1662 490 1718 babemus
506 1665 527 1717 si
541 1664 685 1730 currimus,
697 1663 719 1718 si
735 1678 856 1734 gressum
872 1663 934 1719 lidei

147 1768 359 1823 promoremtrs;
373 1754 399 1807 in
422 1754 540 1809 tenebris
559 1753 720 1822 residemus,
735 1756 758 1809 sl
777 1769 935 1826 promerere

147 1856 299 1899 cessamus.
311 1843 421 1897 Paratus
436 1856 486 1897 nos
501 1842 619 1898 inueniat
635 1854 759 1898 extrema
775 1845 934 1912 necessitas,

146 1947 208 2002 qum
220 1946 293 2002 saepe
306 1932 439 2002 praevenit
453 1933 610 2002 imparatos.
626 1931 735 1988 Certant
753 1934 829 1989 nobis
845 1934 934 2004 impo-

147 2033 196 2079 nat
210 2025 419 2081 sollicitudinem
437 2025 540 2080 incerta
560 2023 695 2090 conditi03
712 2025 883 2094 qttotidianus
901 2025 936 2080 sit

148 2116 345 2185 illiuspericuli
361 2126 459 2179 metus,
471 2116 549 2185 eujus
562 2115 684 2170 nescitur
699 2115 834 2169 incursus.
850 2113 935 2183 Quam

149 2205 228 2261 tarde
249 2207 346 2260 misera
367 2206 462 2260 anima
484 2205 616 2260 malorum
641 2219 750 2260 suorum
779 2206 934 2275 paenitebit,

148 2310 211 2352 cum
227 2295 270 2352 die
283 2295 378 2352 ultimo
391 2295 600 2365 superueniente
614 2298 733 2365 separari
747 2312 776 2351 se
791 2312 805 2350 a
820 2312 936 2367 corpure

149 2402 201 2444 sno
211 2389 318 2455 viderit,
329 2403 390 2443 eum
404 2388 455 2443 sibi
470 2388 496 2442 in
513 2388 565 2443 line
580 2387 715 2443 claudenti
731 2389 825 2444 oculos
846 2390 936 2460 nigro-

950 1291 973 1350 Α
988 1297 1161 1369 destitutam,
1176 1302 1232 1359 sola
1248 1305 1385 1376 torquebit
1398 1308 1525 1379 cogitatio
1537 1311 1718 1384 desperatam,
1732 1332 1779 1374 so·

988 1390 1030 1447 lus
1056 1401 1143 1449 mettts
1169 1398 1331 1454 examinabit
1356 1402 1512 1467 attonitam
1532 1412 1558 1459 et
1584 1407 1646 1476 quia
1665 1410 1702 1465 ibi
1721 1411 1777 1481 jam

987 1482 1058 1536 nulla
1080 1485 1132 1539 erit
1156 1485 1266 1553 parandi
1289 1489 1375 1543 uictus
1400 1500 1446 1545 aut
1468 1495 1580 1549 restitns
1602 1498 1775 1570 sollicitudo,

989 1572 1060 1627 oolla
1075 1573 1231 1638 laborandi,
1247 1578 1379 1633 militandi
1400 1582 1530 1649 agendive
1541 1588 1691 1657 occupatio,
1703 1590 1777 1648 nulla

986 1661 1120 1720 facultatis
1144 1676 1190 1721 aul
1215 1667 1324 1724 honoris
1343 1671 1463 1735 cubitio,
1487 1674 1562 1729 snlns
1580 1686 1697 1734 mentem
1717 1695 1776 1737 om·

988 1756 1067 1811 nibus
1083 1757 1143 1812 aliis
1161 1759 1234 1814 curis
1251 1776 1362 1816 vacuam
1379 1763 1561 1821 intolerandus
1575 1769 1717 1827 reddendae
1732 1787 1777 1828 ra·
1815 1813 1821 1827 ,

989 1846 1069 1902 linitis
1086 1859 1173 1904 terror
1187 1849 1317 1917 implebit,
1329 1851 1413 1907 solum
1424 1869 1455 1908 ac
1469 1863 1552 1910 tntum
1565 1857 1658 1927 judieii
1671 1863 1775 1931 pondus

988 1939 1102 2008 captiuis
1117 1941 1241 1997 sensibus
1253 1943 1413 2000 imminebit.
1428 1946 1495 2013 Quid
1518 1963 1581 2003 tero
1603 1953 1709 2022 quando
1730 1970 1776 2012 re·

987 2030 1063 2100 gredi
1083 2031 1116 2086 ad
1139 2047 1275 2087 carcerem
1292 2036 1414 2104 corporis
1429 2035 1481 2103 sui,
1497 2045 1526 2093 ct
1542 2053 1589 2110 per
1601 2044 1776 2101 resurrectio·

989 2134 1053 2176 nem
1073 2121 1193 2190 recipere
1209 2122 1275 2177 illud
1292 2124 1460 2193 precipiente
1471 2127 1504 2182 ad
1521 2128 1676 2187 societatem
1691 2135 1776 2192 malo·

987 2209 1148 2278 rumiQuid
1163 2212 1243 2267 iaciat
1256 2228 1317 2269 cum
1338 2214 1416 2271 loedis
1434 2217 1574 2274 rulttemm
1590 2221 1674 2290 signis
1695 2226 1776 2281 castis

987 2300 1143 2371 angelomm
1158 2304 1342 2372 praesentanda
1360 2309 1561 2377 conspectibus,
1575 2317 1603 2366 et
1613 2321 1675 2370 ante
1685 2329 1774 2387 regem

988 2392 1150 2447 saeculorum
1166 2407 1273 2448 cansam
1285 2395 1318 2451 de
1331 2397 1442 2466 singuiis
1456 2399 1610 2457 redditura?
1620 2402 1684 2472 Qua
1696 2407 1776 2462 modo

152 2495 230 2537 scere
250 2489 278 2537 et
302 2481 460 2537 horrescere
483 2482 648 2550 sempiterna
672 2498 724 2537 nor
739 2486 937 2553 crepantem
990 2482 1091 2554 absque
1109 2483 1191 2538 dnbio
1205 2484 1229 2538 si
1249 2485 1275 2540 in
1300 2487 1389 2542 mcdio
1409 2489 1494 2544 nostri
1510 2490 1703 2562 objicerentur,
1717 2510 1777 2551 rea-

148 2573 241 2644 iacera
262 2583 324 2630 ante
345 2588 377 2630 se
397 2588 510 2629 tacitum
533 2573 627 2630 salutis
652 2589 683 2629 ac
709 2575 775 2631 lucis
801 2574 935 2632 infelicem
990 2581 1047 2627 tum
1071 2573 1140 2627 intra
1164 2589 1194 2629 se
1219 2589 1297 2629 suum
1318 2576 1452 2634 sustincte
1474 2593 1528 2633 oon
1551 2593 1651 2650 posset,
1674 2584 1776 2654 pudone

152 2665 252 2720 commi
264 2662 364 2721 itonam
389 2679 466 2720 sunm
487 2665 584 2720 tiderit
598 2668 762 2721 incentorem
786 2669 887 2737 pariter
907 2684 938 2726 ac
953 2653 975 2712 Β
990 2676 1094 2731 initote
1116 2664 1282 2719 contusionis
1303 2680 1442 2736 oppressa.
1456 2669 1524 2737 Quid
1543 2678 1608 2728 tunc
1625 2673 1708 2729 animi
1724 2674 1774 2731 ita·

150 2752 339 2825 deceptorem,
352 2770 412 2810 curn
427 2771 480 2825 pun
493 2756 526 2811 dc
538 2771 619 2812 arena
633 2757 723 2811 mnndi
736 2758 816 2826 ltttjus
829 2774 876 2828 per
888 2758 938 2813 lla·
990 2752 1079 2820 babit,
1094 2769 1156 2809 cum
1178 2755 1246 2810 alios
1270 2755 1324 2811 illic
1347 2769 1474 2829 erogante
1499 2758 1614 2816 Ilomlno
1636 2763 1777 2834 percipere

150 2846 245 2917 gitium
263 2861 340 2903 snum
354 2848 423 2902 aleta
437 2847 573 2903 discessit.
587 2845 655 2903 Cum
669 2849 935 2919 coeperitabeodem
990 2843 1087 2899 viderit
1108 2844 1199 2900 “¹³⁰⁵ae
1220 2852 1249 2898 02
1271 2847 1382 2916 toleti&
1404 2846 1465 2902 lidii
1491 2847 1629 2916 biblium»
1655 2852 1777 2911 candida

147 2938 207 3010 jam
221 2939 323 2994 divulsa
350 2939 482 2996 immanes
501 2950 529 2996 et
558 2942 651 2997 inanes
678 2941 743 2997 daie
771 2956 934 3011 supereum
989 2934 1142 2990 thesaurum
1164 2936 1303 3003 castitatis,
1325 2937 1426 2993 [tucius
1450 2939 1653 3011 misericordiae,
1674 2944 1775 3002 talenta

150 3028 286 3100 planctus,
300 3040 327 3085 nt
338 3029 428 3087 dicere
444 3047 451 3085 :
468 3030 519 3088 Ubi
534 3039 596 3086 sunt
619 3030 804 3086 animositates
819 3042 846 3087 et
861 3033 937 3102 cupi·
985 3026 1113 3098 llisiliiaei
1133 3026 1199 3083 Cum
1214 3028 1321 3100 indigna
1341 3032 1392 3086 sibi
1404 3041 1477 3088 sorte
1491 3038 1665 3105 conspexerit
1687 3040 1777 3096 notit·

149 3120 249 3175 ditares
259 3129 322 3185 ture,
337 3122 432 3192 quibus
446 3121 585 3193 bucusque
605 3120 778 3193 impatienter
792 3122 893 3189 arsisti,
910 3135 937 3179 et
987 3116 1071 3173 timos
1090 3118 1124 3175 de
1138 3119 1231 3190 primis
1245 3121 1313 3192 fieri,
1327 3131 1354 3176 et
1368 3122 1402 3178 de
1415 3124 1568 3180 notissimis
1578 3128 1697 3196 primosi
1710 3144 1777 3199 pau·

150 3225 246 3266 arsura
269 3210 372 3281 jugiter
393 3212 586 3281 congregasti?
608 3211 677 3267 Ecce
702 3212 867 3266 transierunt
889 3211 935 3268 illa
987 3224 1065 3280 peres
1078 3224 1157 3279 supra
1168 3205 1459 3285 divitesserros'supra
1469 3214 1592 3273 dominos
1610 3220 1776 3290 glotidcarli

149 3304 241 3359 omnin
264 3314 398 3374 tamqnam
413 3304 660 3375 umbra,abierunt
681 3303 893 3369 oblectamenta,
909 3312 936 3361 et
987 3310 1016 3357 et
1043 3317 1260 3373 unumquemque
1284 3318 1332 3374 pro
1358 3304 1460 3361 meritis
1484 3306 1694 3367 immortalitatis
1717 3310 1777 3369 luca

149 3394 208 3450 sola
231 3394 257 3449 in
278 3405 435 3463 perpetuum
449 3393 593 3464 opprobria
616 3402 644 3449 et
664 3393 775 3448 crimina
798 3409 936 3451 remanse-
988 3390 1125 3462 pertusum
1150 3394 1176 3449 in
1202 3393 1358 3464 angelorum
1378 3404 1477 3451 statum
1495 3411 1529 3454 cx
1549 3396 1777 3471 bominibuspro·

150 3495 226 3542 runt.
240 3485 284 3540 i're
298 3485 374 3552 ntilti,
389 3499 407 3540 o
421 3484 522 3552 anima,
532 3484 565 3539 ad
579 3494 633 3538 tarn
649 3484 781 3552 perditum
796 3499 843 3540 tas
855 3485 936 3540 selim
989 3482 1106 3548 mareri,
1120 3490 1147 3537 et
1161 3497 1221 3538 cunt
1235 3494 1343 3540 terreno
1357 3485 1492 3555 agitandam
1507 3500 1621 3558 corpore
1633 3504 1717 3559 supra
1729 3506 1777 3547 ex·

151 3576 236 3632 nolim
255 3575 373 3630 reditura
393 3589 463 3641 snm,
478 3583 505 3630 et
519 3584 630 3646 propter
646 3573 770 3643 logititas
785 3576 937 3643 uoluptates
987 3573 1060 3628 celsa
1074 3574 1148 3643 regni
1160 3574 1278 3630 ccelesiis
1288 3576 1406 3645 imponi,
1421 3586 1449 3633 et
1464 3577 1534 3632 ioter
1545 3576 1614 3634 ltlios
1627 3580 1775 3651 maiestatis

149 3679 296 3736 nuotqnam
311 3663 469 3734 effugiendis
483 3679 544 3719 cum
557 3678 590 3719 co
602 3663 747 3732 saporibus
761 3676 937 3718 concremati·
988 3663 1114 3732 opulenta
1138 3666 1257 3733 parentis
1275 3665 1321 3720 llel
1343 3665 1499 3722 nereditate
1520 3666 1616 3734 ditari;
1631 3683 1662 3725 se
1684 3683 1774 3728 autem

147 3758 196 3814 da.
212 3757 279 3826 Quid
291 3756 360 3811 inter
374 3754 443 3823 bec,
457 3769 518 3810 cunr
533 3768 592 3810 eam
612 3753 726 3824 caeperit
745 3752 778 3807 ad
799 3751 937 3807 delinitam
989 3752 1060 3808 inter
1074 3753 1131 3809 naec
1149 3770 1212 3809 cum
1225 3755 1344 3824 pcccatis
1362 3755 1420 3811 suis
1432 3758 1564 3826 relictam,
1576 3759 1611 3815 de
1621 3762 1776 3829 speetacdio

148 3848 323 3915 sententiam,
342 3858 371 3904 et
393 3845 525 3901 immobili
550 3844 609 3916 lege
633 3843 748 3899 detxntn
768 3842 937 3912 importunus
988 3845 1123 3901 felicitatis
1142 3847 1236 3902 alienae
1255 3846 1378 3904 dolorum
1404 3849 1467 3908 titia
1491 3855 1697 3920 reportantem?
1720 3855 1773 3922 Qut

149 3939 271 4012 depositi
288 3948 398 3996 exactor
411 3937 579 4003 abstrahere,
594 3943 622 3993 et
636 3935 700 3991 ltine
719 3935 781 3990 inde
797 3935 937 4002 insultare,
989 3933 1080 4008 [Ferte
1094 3934 1173 4009 Quid]
1182 3936 1319 4006 pastbaeei
1331 3952 1392 3993 curn
1407 3953 1437 3994 se
1449 3938 1603 3997 miseranda
1618 3944 1775 4003 conditione

148 4041 178 4086 et
195 4028 424 4103 instauratione
448 4026 564 4099 insilire]
578 4026 751 4082 internalium
767 4025 834 4082 dirce
856 4025 937 4082 iacies
950 4011 974 4075 C
989 4022 1084 4098 [Forte
1097 4023 1227 4098 conditio]
1243 4027 1338 4084 uiderit
1353 4030 1426 4084 omni
1440 4031 1625 4087 consolatione
1647 4033 1787 4098 nudatam,

149 4121 432 4190 ministrorumiQnid
445 4121 568 4176 eritcum
582 4118 616 4174 ab
629 4116 831 4189 apparitoribus
843 4115 938 4173 mortis
988 4115 1016 4171 itt
1039 4119 1185 4173 exteriores
1208 4118 1333 4175 tenebras
1354 4121 1458 4188 excuti,
1475 4130 1502 4176 et
1514 4122 1549 4178 ab
1570 4122 1615 4178 illa
1634 4123 1774 4184 beatorum

149 4214 293 4286 per‘ltunc
320 4224 425 4268 tastum
447 4226 538 4268 aerem
563 4209 696 4281 separari,
711 4219 739 4265 et
760 4224 808 4280 per
828 4209 938 4267 semitas
988 4205 1109 4262 Ecclesia
1131 4217 1259 4278 perpetua
1284 4210 1562 4268 excommunicatione
1584 4213 1717 4270 seclusam
1742 4215 1777 4274 ab

149 4304 321 4361 tenebrarum
341 4302 438 4360 abduci
461 4315 534 4360 trans
555 4302 625 4358 diem
644 4302 769 4372 coeperit,
787 4311 815 4358 et
836 4316 939 4372 nequa·
988 4295 1046 4368 ipsa
1066 4297 1129 4352 ritae
1141 4297 1231 4354 radice
1244 4297 1376 4368 precidit
1392 4299 1461 4356 iliud
1476 4309 1565 4357 antem
1580 4305 1779 4373 quomodotrc·

148 4411 233 4467 quam
254 4395 400 4452 remeabile
421 4395 473 4451 iter
492 4407 572 4464 agere
586 4407 636 4462 per
650 4392 718 4447 lines
739 4390 800 4447 illos
820 4391 866 4447 ulai
880 4393 939 4462 ipsa
988 4387 1069 4459 pidus
1083 4397 1111 4444 ct
1124 4388 1194 4444 male
1206 4388 1434 4445 consciussetmo
1445 4391 1544 4461 poterit
1554 4394 1698 4461 explicare,
1713 4408 1777 4451 eum

149 4488 197 4544 lux
213 4486 315 4553 delicit,
331 4500 393 4542 eum
409 4486 550 4558 peregrina
566 4485 611 4540 illa
634 4482 734 4553 ubique
749 4484 837 4538 aalma
851 4483 938 4537 conti·
990 4481 1103 4550 ceperit
1123 4480 1294 4551 inexpiabilis
1311 4494 1375 4536 caro
1387 4489 1415 4537 et
1424 4481 1530 4537 inlecta
1543 4486 1660 4554 peccatis
1673 4485 1779 4540 medul-

148 4586 226 4633 tante
247 4579 379 4632 malorum
401 4591 511 4632 suorum
528 4574 599 4630 tristi
618 4570 724 4645 agmine
736 4573 834 4627 viderit
846 4585 877 4627 se
891 4586 939 4642 per
988 4569 1022 4626 lar
1046 4571 1127 4642 setis
1153 4571 1283 4641 gebennas
1308 4569 1419 4627 aestibus
1431 4572 1575 4641 penetrari,
1591 4579 1619 4628 ct
1631 4588 1705 4630 more
1726 4574 1780 4630 ier-

149 4679 288 4728 extremas
303 4670 471 4749 mundiores
486 4670 513 4724 in
532 4667 600 4723 illud
616 4668 695 4723 inane
711 4681 743 4722 ac
758 4680 872 4720 saeuum
890 4679 938 4720 ca·
988 4660 1107 4717 sentium
1118 4675 1150 4716 ac
1161 4661 1367 4732 decoquentium
1381 4662 1551 4717 metallorum
1563 4663 1778 4734 inexstinguibili

150 4761 220 4818 dere
243 4760 277 4816 de
301 4761 411 4829 mundo,
429 4772 511 4832 atque
531 4758 597 4814 illud
612 4773 737 4829 magnum
757 4756 851 4825 cbaos,
866 4753 939 4826 quod
989 4752 1148 4808 ardoretota
1160 4752 1433 4809 homiuissubstantia
1447 4753 1642 4820 intusinlundi,
1655 4766 1682 4810 et
1696 4755 1779 4826 depa·
1871 4764 1873 4767 ⁴

149 4852 216 4906 sitae
231 4852 380 4922 mortisque
395 4853 534 4923 regionem
549 4849 691 4916 discernit,
705 4849 808 4904 intrare
823 4854 851 4902 ct
870 4846 940 4901 tila·
988 4840 1125 4896 scentibns
1135 4840 1250 4898 dammis
1258 4857 1372 4911 corpora
1385 4852 1464 4912 atque
1473 4845 1615 4900 animaset
1630 4855 1706 4916 parte
1718 4861 1780 4901 con-

149 4943 192 4998 lcs
206 4957 286 4997 auras
308 4953 409 4998 naturae
425 4944 508 5013 ipsius
523 4942 599 4998 castri
613 4941 756 4996 amittere?
776 4939 843 4995 Cum
858 4939 940 4994 rebus
989 4932 1071 4999 lumi,
1082 4948 1115 4988 ⁰¹
1129 4942 1205 5004 viiie
1215 4934 1321 5000 nutriri.
1335 4942 1365 4989 ut
1375 4934 1445 4989 illei
1458 4935 1561 4991 metli⁰⁸
1572 4935 1671 5006 iillum
1684 4937 1781 5006 8¹⁰b0³

150 5034 345 5090 tfflmnntsvnte
359 5034 481 5089 ptumum
497 5034 602 5097 dicens,
624 5041 738 5088 mortem
754 5040 817 5086 ante
838 5045 868 5086 se
889 5029 938 5084 na·
989 5022 1781 5095 damna'anaturadetpabulum,etaccipiatincrementum?

150 5127 231 5193 bens,
243 5139 270 5182 et
283 5127 364 5182 sitam
378 5135 440 5197 post
458 5142 488 5182 se
503 5126 670 5198 relinquens,
687 5125 714 5178 in
735 5123 800 5177 illud
821 5122 939 5178 borren-
989 5115 1018 5171 Si
1031 5114 1101 5171 lurte
1113 5115 1262 5186 inspersum
1279 5115 1782 5181 illuddudumconscientiisvitium,et

150 5217 217 5274 dum
231 5227 257 5273 et
272 5218 317 5274 rix
336 5218 420 5273 oculis
434 5217 619 5288 attingendam
640 5214 812 5285 pertraltettrr
828 5210 940 5281 prolun·
990 5207 1052 5262 acris
1063 5218 1090 5262 et
1102 5208 1201 5278 plumbi
1217 5208 1367 5264 adulterina
1379 5207 1700 5279 pertnirtio,puandoque
1711 5210 1781 5265 iuter

150 5306 770 5374 dnm,dirersisamriliacaemalitimcalcnata
781 5302 939 5358 criminibus
991 5310 1084 5368 stagna
1102 5298 1229 5353 terrentia
1249 5296 1400 5353 anhelantis
1412 5297 1523 5369 gurgitis
1537 5305 1676 5366 exuretur,
1694 5306 1782 5355 trans·

151 5410 283 5471 qttanlutn
306 5398 429 5469 perdidit.
440 5400 567 5468 pretium,
585 5405 686 5451 tantum
705 5403 852 5464 exceptura
873 5409 939 5458 sup·
955 5367 1069 5445 ”ituris
1089 5390 1219 5459 patranda
1236 5389 1469 5459 igneamoraerit
1488 5390 1611 5459 supplicii
1629 5389 1783 5461 magnitudo

152 5488 357 5561 pliciumlCum
372 5489 405 5544 ad
420 5491 477 5544 irasc
500 5489 589 5559 itaque
604 5485 721 5541 crudelis
736 5483 864 5539 custodie
878 5498 940 5553 pet·
995 5481 1114 5552 pcccati3
1129 5496 1204 5537 cscas
1223 5480 1366 5547 ardoribus
1379 5482 1491 5536 crimina
1507 5482 1708 5547 ministrabunt,
1724 5495 1783 5536 ma·

153 5589 264 5637 rentum
285 5582 364 5638 luerit
384 5580 453 5646 loca,
468 5579 514 5635 ulai
526 5578 581 5649 jam
597 5575 678 5631 lutari
692 5588 831 5647 paenarum
844 5572 941 5642 judicii
996 5572 1070 5628 nebit
1081 5573 1109 5627 in
1125 5572 1175 5627 ltoe
1197 5559 1360 5642 praecc'ptum
1385 5579 1413 5627 et
1440 5572 1560 5628 auctoris
1582 5579 1611 5627 et
1632 5572 1740 5641 indicis,
1755 5580 1781 5630 ut

152 5677 213 5744 ipsa
238 5675 280 5730 sui
301 5673 502 5744 exspectatione
525 5670 662 5740 desaesiet,
679 5684 714 5725 ne
740 5669 827 5724 dicam
854 5667 939 5736 aliud,
994 5663 1097 5720 uiscera
1117 5664 1255 5720 doloribus
1274 5663 1399 5730 obnoxia,
1420 5670 1449 5719 et
1462 5663 1527 5719 solis
1542 5663 1705 5719 cruciatibus
1718 5677 1783 5720 eon-

153 5763 231 5821 solus
254 5778 355 5821 ntoeror
369 5761 538 5821 excruciabit
555 5761 673 5816 animam
687 5758 822 5815 universis
838 5756 944 5813 solatiis
995 5767 1111 5825 secreta,
1136 5756 1204 5828 ignis
1226 5755 1326 5813 arbiter
1349 5752 1460 5827 depasta
1485 5770 1538 5812 nou
1552 5753 1673 5826 deteret,
1686 5754 1735 5813 sed
1748 5754 1782 5815 ad
