4009 6184
178 263 230 322 bib

172 391 328 444 decerneret
342 407 348 440 :
365 387 417 441 Setl
432 388 487 450 liert
497 404 552 448 noa,
566 387 665 455 ιιιιμιιι,
681 397 723 439 ant
737 391 839 456 angelus
851 390 882 441 de
894 392 955 441 reto

172 477 323 546 evangelizet
335 476 402 529 robis
416 485 579 544 preterierant
592 474 659 542 prod
670 477 891 544 aranpelizarirnus
910 493 954 529 oo·

171 567 218 628 lis,
233 565 366 618 anathemo
382 566 423 626 rit,
439 564 496 618 ort.
516 566 538 619 l.
554 565 672 630 indest
686 566 819 635 enodavit,
834 568 886 621 Sal
899 568 955 621 liert

170 656 237 707 noe?
249 654 302 709 Cur
314 669 366 708 non
384 655 479 723 potius,
494 654 547 707 Sed
561 655 615 707 licet
626 657 691 723 epo?
704 655 759 709 lloe
772 664 813 710 est
827 657 954 711 :Etiamsi

170 744 274 806 l‘ctrus,
285 744 386 798 etiamsi
402 743 529 806 Andreas,
538 745 640 797 etiamsi
651 744 775 809 ioannes,
790 746 892 800 etiamsi
906 762 953 815 po-

168 841 270 888 stremo
289 833 376 887 ornuis
391 833 577 901 Apostolorum
590 833 687 887 chorus
707 835 868 904 evangelizet
879 836 954 890 vobis

169 932 344 992 preterquam
354 923 423 991 quod
432 923 675 992 evangelizavimus,
684 925 822 1000 anathema
834 926 878 980 sit.
887 927 952 982 Tre-

168 1012 265 1067 menda
278 1012 424 1077 districtio,
435 1021 542 1082 proptor
551 1013 724 1069 adserendam
739 1017 831 1085 primae
844 1016 953 1073 tinette

168 1103 319 1167 nacitatem,
329 1103 446 1167 neesibi,
456 1118 506 1158 nee
513 1104 951 1177 cretenseoapostolispeporclssc!

168 1195 265 1248 Parum
278 1203 320 1248 cst
334 1212 341 1247 ι
357 1194 464 1248 Ειιιιιιιιι
472 1195 583 1264 anpelas,
594 1196 686 1265 inquit,
695 1197 795 1251 decoelo
805 1200 953 1269 coangeliret

168 1284 247 1346 rolris,
262 1293 427 1353 malequam
439 1283 505 1353 qnod
516 1285 752 1355 evangelizavimus,
766 1287 899 1341 ιιιιιιιιιιιιιιι
909 1290 951 1343 rit.

168 1373 227 1428 Non
248 1374 387 1429 suffecerat
398 1374 431 1428 ad
445 1374 592 1429 custodiam
606 1376 707 1430 tradite
719 1377 801 1432 semel
817 1377 886 1441 fidei,
901 1378 952 1434 ltu-

168 1477 254 1517 mane
261 1464 418 1519 conditionis
426 1478 648 1519 commemorasse
655 1474 785 1532 mturare,
795 1467 846 1521 nisi
853 1468 952 1537 angeli-

167 1568 227 1607 cam
241 1568 346 1622 quoque
354 1552 536 1608 excellentiam
548 1554 801 1623 comprehendisset.
817 1554 884 1609 licet
896 1573 950 1620 nor,

168 1646 262 1714 hrqnit,
276 1654 319 1696 ant
330 1644 433 1713 angelrn
446 1644 477 1697 rte
488 1644 558 1698 celo.
573 1645 703 1715 Nonquia
719 1647 801 1701 sancti
817 1647 952 1702 celestes-

167 1748 221 1802 que
233 1733 318 1803 angeli
331 1747 440 1802 peecare
450 1732 505 1799 iam
515 1733 630 1802 possint3
645 1733 692 1788 scd
708 1733 758 1788 hoc
772 1735 895 1805 estquod
912 1736 952 1791 di-

167 1825 222 1878 cit:
237 1823 265 1878 Si
278 1824 367 1884 etiam,
383 1824 476 1892 inquit,
490 1823 613 1894 llatqnod
626 1841 678 1879 non
692 1833 779 1895 potest
795 1825 861 1892 deri,
879 1828 952 1896 quis-

166 1913 227 1982 quis
238 1913 281 1967 ille
294 1912 415 1967 traditam
428 1913 510 1967 seruet
522 1913 599 1968 sidem
614 1923 716 1968 mutare
726 1916 874 1978 tentaverit,
886 1932 950 1969 ana-

166 2003 256 2056 thema
273 2003 317 2055 sit.
334 2000 387 2056 Sed
403 2001 461 2056 hec
480 2001 588 2057 forsitan
606 2002 781 2072 perfunctorie
794 2006 951 2075 prelocutus

165 2099 219 2155 est,
228 2091 471 2161 ethumanopotius
484 2091 575 2146 edudit
588 2093 696 2162 impetu,
710 2104 789 2164 quarn
805 2095 892 2150 divina
907 2113 949 2150 ra-

165 2182 240 2237 tione
251 2182 375 2237 decrerit.
389 2183 474 2236 hhsit.
486 2182 698 2251 Seqrriturenim,
712 2192 739 2239 et
752 2184 802 2240 ltoe
811 2186 898 2256 ipsum
909 2188 950 2241 in-

164 2274 882 2345 gentimolimineiteraneinsinuationisinerdcat:Sient
890 2293 951 2347 pre·

164 2362 286 2425 diriores,
295 2364 482 2417 etnnncitermn
489 2364 657 2434 dico:Signis
664 2364 732 2418 eolis
738 2366 948 2436 evangelizaverit,

166 2462 333 2521 preterquam
344 2452 411 2521 quot
419 2453 561 2522 accepistis,
576 2453 708 2506 anathema
724 2454 765 2507 sit.
785 2454 844 2508 Non
864 2456 947 2510 dixit:

164 2543 948 2615 Siquisvobisaununtiareritpretonpuamtpuodaccepistis,

164 2632 370 2696 benedictussit,
379 2632 508 2697 laudetur,
519 2634 676 2703 recipiatm;
691 2633 748 2699 sed,
762 2634 895 2687 ιιιιιιιιιιιιιι
906 2637 948 2700 sit,

164 2723 260 2792 inquit,
269 2722 504 2792 idest,separatus,
514 2732 675 2795 segregatus,
684 2725 821 2793 exclusae,
833 2729 950 2784 neutrius

164 2813 226 2866 oris
234 2811 319 2865 dirum
327 2813 476 2882 contagium
489 2813 623 2867 innoxium
639 2829 745 2885 gregem
757 2813 856 2870 Christi
867 2831 950 2871 vene-

164 2908 228 2955 nata
237 2900 410 2969 ponnixtione
421 2901 591 2955 contaminet.

202 2991 248 3044 nt.
267 2990 318 3045 Sed
331 2989 440 3044 lorsitan
452 2990 551 3045 Galatis
560 2992 610 3045 ista
621 2999 721 3046 nutem
734 3001 864 3063 precepta
875 3002 947 3049 sunt.

165 3082 237 3150 Ergo
248 3088 274 3135 et
284 3081 326 3133 illa
336 3080 399 3134 solis
410 3079 508 3135 Galatis
520 3081 646 3150 imperata
656 3090 785 3152 suntque
794 3083 822 3137 ιιι
831 3083 949 3153 ejusdem

164 3170 290 3238 Epistola
310 3170 481 3238 sequentibus
503 3181 761 3228 commemorantur:
779 3173 866 3242 qualia
889 3183 951 3232 sunt

165 3261 225 3312 hac
236 3276 243 3310 :
256 3257 286 3312 Si
303 3259 407 3312 virimar
423 3260 526 3329 spirito,
546 3261 636 3330 spirita
657 3270 680 3313 et
703 3262 866 3317 amialernaa.
888 3262 950 3318 Non

165 3351 300 3418 efficientia
311 3350 391 3403 inania
403 3350 490 3420 gloria
501 3349 594 3419 cupid,
607 3349 710 3403 invicem
720 3361 894 3420 ριοιοιαιιιιι,
907 3353 949 3407 in·

166 3438 286 3504 eiderner,
298 3437 356 3492 Gal.
369 3439 396 3506 5,
410 3447 436 3493 et
450 3438 560 3508 reliqua.
574 3436 649 3504 Quod
665 3439 688 3492 si
700 3438 843 3493 absurdum
855 3449 909 3508 est,
922 3449 950 3497 et

163 3527 288 3581 omnibus
300 3541 333 3580 ex
349 3542 425 3596 equo
441 3527 569 3596 imperata
586 3534 661 3591 sunt,
675 3534 758 3580 restat
773 3535 803 3581 ιιι
813 3529 881 3582 sicot
893 3528 950 3583 hec

164 3630 270 3669 morum
286 3614 419 3682 mandata,
431 3616 466 3669 ita
477 3616 558 3670 etiam
570 3616 613 3669 illa
625 3631 684 3685 que
694 3615 727 3670 de
737 3616 788 3672 dde
798 3625 875 3672 muta
889 3627 950 3672 sunt

163 3718 259 3758 omnes
270 3704 325 3772 pari
335 3704 413 3759 modo
422 3703 655 3773 comprehendant,
666 3711 693 3759 et
702 3705 770 3759 sicut
779 3706 877 3760 nemini
888 3706 951 3761 licet

165 3793 278 3846 invicem
292 3807 436 3862 provocare
449 3800 494 3846 aut
513 3793 630 3847 invidere
649 3792 775 3860 invicem,
796 3794 832 3848 ita
850 3795 949 3850 nemini

164 3882 253 3947 liceat,
265 3889 359 3949 praeter
372 3880 397 3934 id
409 3880 478 3950 quod
492 3881 607 3935 Ecclesia
620 3880 752 3936 &thelica
762 3898 949 3954 umoremque

164 3951 328 4039 evangelizat
346 3971 476 4038 accipere.
498 3971 550 4024 hut
569 3969 677 4023 forsitan
690 3979 751 4024 tuuc
764 3970 912 4039 jubebatur,
926 3974 948 4027 si

164 4058 227 4127 nutis
239 4060 420 4113 annuntiasset
431 4067 604 4127 preterquam
615 4058 685 4127 qnod
697 4060 877 4114 annuntiatum
890 4060 948 4115 lue-

165 4156 217 4211 rat,
229 4147 458 4213 anathematizari;
470 4161 539 4200 ιιιιιιι
551 4163 613 4201 rero
624 4147 678 4214 jam
692 4162 742 4200 noa
752 4147 869 4216 jubetur.
881 4149 949 4219 Ergo

164 4244 192 4289 ct
202 4235 264 4288 illud
274 4235 345 4304 quod
355 4236 416 4289 item
427 4234 463 4289 ibi
475 4236 529 4289 ait:
541 4234 605 4288 ilico
614 4244 706 4299 notent,
716 4235 947 4304 spiritnamhulote,

113 4315 116 4321 ’
163 4333 188 4376 et
205 4324 356 4376 desideriam
367 4325 449 4377 carnis
461 4341 510 4377 non
523 4324 664 4394 perficietis,
683 4331 745 4379 tnnc
759 4333 859 4379 tantum
870 4327 948 4395 jube-

164 4412 252 4478 batur,
267 4412 347 4467 modo
359 4427 422 4467 rero
436 4413 491 4481 jam
507 4428 560 4466 uon
574 4412 690 4481 jubetur.
708 4412 783 4479 Quod
800 4415 822 4468 si
839 4416 947 4486 impium

163 4501 264 4569 pariter
276 4509 303 4555 et
314 4501 489 4569 pendciosum
502 4509 543 4555 est
554 4501 589 4554 ita
603 4500 721 4565 credere,
736 4504 885 4557 necessario
903 4519 947 4558 se-

163 4591 253 4658 qnitur
265 4598 295 4644 ιιι
306 4592 374 4645 sieut
386 4589 442 4644 hec
456 4591 558 4644 cunetis
570 4591 689 4644 eatinus
698 4590 862 4645 observanda
875 4600 946 4660 sunt,

164 4680 200 4732 ita
214 4679 258 4732 illa
271 4693 375 4748 quoque
389 4695 448 4748 que
461 4680 494 4734 dc
506 4695 558 4733 non
575 4679 696 4734 mutanda
712 4679 763 4734 tide
776 4683 875 4736 sancita
887 4693 949 4738 sunt

160 4768 268 4821 cunctis
275 4768 395 4821 etatibus
406 4768 532 4836 imperata
539 4769 600 4821 sint.
610 4768 773 4822 denuntiare
780 4785 842 4839 ergo
851 4771 948 4839 aliquid

164 4854 321 4909 Christianis
332 4855 478 4919 catholicis,
489 4864 584 4925 praetor
595 4854 621 4909 id
633 4855 703 4924 qnod
715 4866 872 4924 acceperuut
881 4874 948 4914 nun-

82 4934 92 4952 ⁰
164 4959 244 5012 quam
258 4945 342 5011 licuit,
360 4960 489 5015 nusquam
504 4945 574 5012 lieet,
588 4946 834 5015 nrrnquamlicebi13
848 4958 874 5002 et
885 4964 949 5003 ana·

165 5035 337 5091 thematizarc
356 5050 402 5090 eos
421 5037 466 5105 qui
484 5037 639 5091 annuntiant
658 5037 756 5106 aliquid
774 5046 948 5107 preterquam

166 5123 235 5191 quod
245 5125 326 5178 semel
336 5113 472 5194 acceptum
482 5132 532 5190 cst,
546 5140 679 5194 antiquam
690 5140 743 5179 non
753 5127 878 5194 oportuit,
889 5143 949 5182 nus

160 5225 244 5294 guam
254 5227 306 5267 non
319 5210 432 5282 oportet,
446 5213 579 5282 nunquim
590 5228 642 5268 non
654 5213 795 5283 oportebit.
812 5213 876 5280 Qum
887 5216 947 5270 cina

168 5299 203 5352 ita
214 5300 277 5365 sint,
292 5310 367 5356 estne
377 5302 472 5370 aliquis
485 5303 527 5355 vel
537 5310 616 5355 terite
626 5301 742 5356 audacie
757 5303 801 5371 nui
814 5304 948 5372 preteriti

165 5390 236 5459 quod
249 5391 318 5459 apud
330 5391 474 5446 Ecadesiam
491 5392 671 5445 annuntiatum
684 5400 725 5445 est
741 5392 887 5458 annuntiet,
905 5393 947 5448 vel

166 5485 247 5532 tante
258 5479 371 5533 levitatis
385 5481 428 5548 eph
442 5490 538 5548 preter
548 5479 574 5534 id
586 5481 655 5549 quod
667 5480 701 5534 ab
715 5479 832 5534 Ecclesia
847 5482 948 5550 aceepit

168 5568 295 5629 accipiat?
307 5568 408 5623 Clamat
429 5579 454 5623 ot
464 5569 607 5640 repetendo
616 5573 723 5630 elamat.
739 5579 764 5624 ιι
774 5570 904 5630 omnibus.
919 5579 947 5624 et

238 5665 357 5720 Parnoi.
371 5665 402 5720 t.

764 267 1053 330 cottttttnttnntntt
1071 277 1211 335 t‘tttnh‘n.

1007 406 1121 461 seraper,
1135 401 1162 447 et
1175 393 1268 464 tritique
1281 411 1328 465 per
1337 398 1436 453 litteras
1448 413 1509 454 snas
1517 402 1613 458 clamat
1621 403 1676 467 ille,
1687 406 1730 461 ille
1741 419 1788 461 ras

1006 481 1150 550 electionis,
1160 484 1786 560 illemagistergontium,illehpostolorumtuba,

1006 570 1049 624 ille
1060 579 1187 628 terrarum
1201 590 1297 643 preco.
1315 576 1358 630 ille
1369 577 1495 632 celorum
1508 580 1640 647 eottseius,
1654 590 1684 636 ot
1693 581 1716 636 si
1729 584 1788 653 quis

1006 671 1101 714 riorum
1112 661 1206 732 dogma
1217 665 1418 732 annmniaverit,
1429 667 1673 723 arrathematizetur.
1686 670 1718 724 Et
1729 686 1789 725 cen·

1007 755 1045 802 tra
1055 751 1198 805 reclamant
1207 752 1416 821 coaequandam,
1427 763 1453 809 ιι
1460 755 1597 825 cyniphes,
1609 766 1740 812 etntuscae
1749 759 1787 826 (l)

1004 838 1153 907 minitare,
1170 841 1261 909 qualos
1276 849 1338 894 suun
1348 841 1495 911 Pelagiani,
1512 851 1540 896 ct
1558 844 1608 898 hoc
1627 844 1785 902 cattholicis:

1004 924 1094 993 Nobis,
1112 928 1245 997 inquiunt,
1256 928 1417 997 auctoribus,
1431 930 1507 984 nobis
1521 932 1696 1002 principibus,
1710 934 1787 989 nohis

1004 1014 1206 1082 expositoribus,
1227 1015 1350 1071 damnate
1371 1032 1429 1086 que
1452 1019 1597 1086 tenebatis,
1620 1030 1707 1077 tenete
1727 1038 1786 1093 quaa

1002 1100 1178 1167 damnabatis,
1189 1104 1289 1173 rejicite
1299 1105 1432 1174 anticptam
1441 1105 1529 1171 iidem,
1540 1116 1651 1174 patema
1657 1111 1784 1176 instituta,

1004 1191 1134 1259 nrajorum
1144 1192 1278 1261 deposita,
1291 1200 1318 1248 et
1328 1194 1455 1262 recipite:
1473 1209 1595 1263 quamnam
1607 1196 1650 1249 illa
1663 1197 1787 1253 tandem?

1004 1278 1100 1334 horreo
1111 1279 1199 1335 dicere
1212 1298 1218 1334 :
1232 1290 1295 1336 sunt
1306 1281 1377 1336 enim
1390 1291 1444 1337 tam
1460 1283 1588 1351 superba,
1606 1293 1636 1339 ιιι
1652 1286 1717 1340 mihi
1733 1303 1787 1343 non

1003 1367 1084 1423 niodo
1097 1367 1223 1438 annueri,
1236 1372 1329 1427 sedne
1342 1371 1423 1428 refelli
1436 1373 1542 1442 quidem
1556 1374 1614 1428 sine
1628 1375 1716 1445 aliquo
1727 1376 1785 1447 pia·

1003 1456 1063 1511 culo
1073 1471 1152 1526 posse
1162 1458 1309 1514 videantur.

1039 1545 1072 1599 x.
1087 1545 1139 1601 Sed
1152 1548 1221 1603 dicet
1231 1551 1344 1620 aliquis:
1358 1551 1411 1607 Cur
1420 1564 1483 1623 ergo
1492 1569 1610 1623 persaepe
1620 1555 1744 1609 divinitus
1755 1556 1786 1609 si·

1003 1643 1101 1689 natatur
1109 1639 1268 1693 excellentes
1276 1641 1395 1709 quiedam
1404 1657 1523 1711 persone
1530 1643 1557 1696 ιιι
1568 1644 1684 1698 Ecclesia
1691 1647 1785 1699 coristi-

1003 1732 1066 1778 tute
1083 1739 1126 1779 res
1139 1742 1221 1782 novas
1233 1727 1375 1784 Catholicis
1389 1732 1560 1788 annuntiare?
1578 1733 1658 1787 Recta
1674 1733 1785 1788 iuterro-

1001 1814 1072 1880 gatio
1081 1822 1108 1868 et
1117 1815 1195 1886 digna
1205 1832 1264 1886 quie
1276 1817 1425 1890 diligentius
1437 1830 1515 1890 atquc
1527 1821 1635 1876 uberius
1643 1831 1786 1892 pertracte-

1003 1897 1061 1955 tur:
1074 1904 1116 1957 cui
1131 1912 1220 1961 nmen
1234 1919 1287 1961 nou
1304 1910 1409 1979 ingenio
1420 1912 1537 1980 proprio,
1550 1911 1598 1967 sed
1613 1911 1709 1967 divinoe
1721 1912 1784 1982 legis

1001 1992 1166 2059 auctoritate,
1179 1995 1354 2052 Ecclesiastiei
1364 2001 1507 2069 magisterii
1517 2001 1785 2057 documentosatisla-

1001 2080 1123 2136 ciendum
1134 2093 1184 2138 est.
1198 2085 1344 2142 domamus
1354 2105 1417 2159 ergo
1427 2100 1547 2145 sanetum
1555 2091 1676 2162 iloysem
1689 2100 1717 2148 et
1730 2093 1787 2161 ipse

1001 2185 1050 2226 nos
1063 2172 1156 2228 doceat
1166 2176 1293 2232 condocti
1305 2179 1364 2245 viri,
1378 2181 1461 2249 etqui
1475 2190 1582 2251 propter
1597 2182 1713 2237 seientia
1724 2197 1785 2252 gra-

1002 2262 1065 2315 tiam
1081 2263 1115 2316 ah
1130 2262 1257 2333 Apostolo
1274 2267 1354 2323 etiam
1367 2269 1502 2339 prophete
1517 2280 1710 2340 nuncupantur,
1725 2284 1785 2340 pro·

1000 2350 1070 2407 terre
1082 2352 1211 2408 interdum
1222 2357 1407 2425 permittantur
1417 2373 1484 2413 nova
1496 2359 1627 2428 dogmata,
1640 2373 1700 2429 que
1709 2367 1784 2413 vetos

1001 2438 1199 2496 Testamentum
1224 2445 1364 2517 allegorico
1386 2461 1508 2502 sermone
1530 2446 1594 2502 deos
1615 2445 1715 2502 alienos
1736 2461 1785 2516 ap-

1001 2530 1099 2596 pellare
1119 2534 1270 2601 consuevit,
1290 2535 1322 2590 cb
1340 2535 1409 2605 quod
1432 2536 1533 2591 scilieet
1549 2535 1584 2589 ita
1603 2534 1637 2589 ab
1655 2528 1785 2589 hereticis

1001 2616 1117 2687 ipsorum
1134 2622 1271 2690 opiniones
1292 2624 1359 2679 sieut
1374 2625 1522 2694 agentibus
1533 2623 1570 2678 dii
1586 2622 1626 2677 sui
1644 2616 1785 2676 observen-

1002 2713 1053 2760 tur,
1075 2708 1171 2765 Scribit
1189 2726 1252 2783 ergo
1275 2713 1302 2768 ιιι
1324 2713 1528 2768 Deuteronomio
1549 2712 1642 2767 beatus
1661 2711 1783 2782 hloyses:

1001 2792 1033 2849 Si
1051 2801 1199 2864 mmeeait,
1219 2802 1316 2871 inquit,
1340 2802 1367 2855 in
1385 2802 1466 2855 irradio
1484 2802 1520 2856 tui
1537 2801 1672 2872 propheta,
1683 2801 1785 2872 ‘aaroni

1000 2887 1123 2941 somnium
1147 2888 1238 2944 vidisse
1261 2907 1288 2945 re
1312 2892 1388 2956 dieat,
1408 2889 1483 2944 Dent.
1508 2891 1552 2958 tt,
1570 2890 1596 2945 id
1615 2897 1671 2956 est,
1687 2889 1784 2959 magis-

1000 2983 1043 3031 ter
1061 2975 1087 3030 iu
1109 2978 1225 3033 Ecclesia
1242 2981 1413 3046 nonsdtutus,
1429 2995 1507 3049 quom
1524 2978 1645 3048 discipuli
1659 2971 1784 3033 velandi-

1002 3073 1073 3120 tores
1092 3067 1132 3121 sui
1151 3083 1185 3123 ex
1207 3069 1294 3139 aitqua
1315 3069 1475 3124 revelatione
1495 3063 1592 3123 docere
1612 3067 1782 3122 arbitrentur.

1000 3154 1068 3222 Quid
1083 3156 1196 3212 deinde?
1214 3168 1237 3212 et
1254 3158 1407 3228 predixerit,
1420 3157 1515 3228 inquit,
1528 3158 1627 3227 signant
1638 3164 1711 3227 atque
1724 3171 1784 3225 por-

1000 3254 1108 3311 tentant,
1129 3256 1153 3301 et
1168 3249 1274 3302 ιιιιιιιιι
1289 3246 1356 3318 quoa
1372 3247 1468 3301 lanera
1485 3256 1530 3300 ert.
1543 3246 1653 3316 Magium
1668 3244 1786 3314 prolecto

1001 3335 1090 3390 neseio
1111 3337 1172 3405 quis
1190 3336 1308 3407 signatur
1326 3337 1451 3407 magister
1467 3342 1494 3392 et
1511 3344 1590 3391 tante
1607 3334 1723 3389 scientie
1740 3332 1786 3404 qul

1000 3427 1176 3481 sacertotibus
1197 3428 1310 3499 propriis
1330 3442 1383 3482 uon
1407 3427 1492 3482 solum
1511 3440 1571 3497 que
1592 3424 1705 3479 humana
1724 3432 1788 3478 srvat

1001 3530 1090 3581 nosse,
1110 3516 1293 3570 verumetiam
1312 3531 1371 3587 que
1391 3530 1471 3585 supra
1487 3515 1621 3569 hominem
1641 3519 1703 3568 suut
1717 3527 1783 3582 prae

1001 3619 1112 3660 noscere
1123 3618 1201 3674 posse
1211 3604 1347 3670 videatur3
1359 3604 1449 3673 quales
1460 3602 1515 3657 lere
1526 3599 1646 3670 discipuli
1658 3599 1697 3655 sui
1705 3599 1782 3669 jacti·

1001 3701 1057 3747 tant
1073 3694 1154 3747 luisse
1164 3692 1342 3759 Valentinum,
1361 3692 1501 3756 Donatum,
1513 3689 1669 3755 l’hotinum,
1682 3687 1782 3757 Apolli·
1809 3729 1817 3735 .

1000 3796 1102 3847 narem,
1121 3789 1284 3851 ceterosque
1296 3779 1435 3849 eiusmodi.
1448 3778 1515 3844 Quid
1527 3780 1634 3848 postea?
1644 3789 1667 3832 et
1682 3777 1781 3846 ιιιιινιι,

1000 3871 1094 3940 inquit,
1105 3871 1150 3924 tihi
1161 3887 1170 3923 .·
1183 3871 1287 3934 Eamus,
1298 3879 1321 3923 et
1330 3885 1460 3936 aequamur
1471 3865 1530 3922 deor
1539 3868 1633 3922 alienor
1642 3886 1703 3940 quor
1713 3869 1782 3941 ipro·

1000 3976 1052 4024 rar,
1064 3968 1087 4013 et
1104 3960 1239 4013 entrare
1257 3959 1302 4011 eis.
1321 3957 1371 4024 Qui
1384 3953 1492 4012 suntdii
1510 3957 1598 4024 alloni,
1612 3958 1662 4013 nisi
1680 3973 1785 4016 errore-r

999 4051 1118 4106 extranei
1133 4066 1200 4121 quos
1218 4051 1371 4123 ignorabas,
1389 4049 1415 4105 id
1432 4058 1487 4118 cst,
1503 4048 1565 4104 nori
1577 4055 1604 4103 et
1614 4048 1740 4106 inauditi?
1753 4052 1787 4105 Et

1036 4261 1074 4331 (t)
1093 4261 1246 4330 suspicatur
1258 4262 1288 4315 P.
1298 4260 1405 4315 Macedo
1414 4260 1561 4330 respexisse
1573 4259 1705 4314 Gelasium
1720 4257 1784 4312 Pon·

1001 4330 1097 4385 tillcem
1107 4331 1140 4384 acl
1151 4331 1220 4385 hune
1232 4330 1360 4384 vincentii
1371 4329 1467 4394 locunt,
1479 4329 1541 4383 datm
1552 4329 1578 4382 in
1589 4329 1673 4398 Epist.
1684 4329 1716 4383 ad
1726 4329 1783 4398 Epi·

1000 4415 1094 4469 scopos
1105 4415 1154 4469 per
1167 4400 1290 4454 Picenum
1303 4399 1467 4461 constitutos,
1481 4407 1556 4451 vocat
1566 4397 1676 4452 delirum
1689 4413 1782 4467 qnem-

1000 4468 1060 4522 dam
1084 4482 1175 4523 senem
1196 4468 1257 4522 Pela
1277 4467 1363 4520 laxatam
1384 4482 1494 4519 nauteam
1513 4467 1674 4530 attentarant,
1701 4481 1782 4536 qmnn

999 4538 1043 4591 vul
1061 4546 1102 4590 ata
1112 4535 1200 4602 lectio,
1209 4545 1237 4590 ut
1247 4482 1289 4589 iffa
1299 4536 1423 4605 loquitur,
1431 4535 1527 4589 habeat
1535 4550 1626 4588 marce
1635 4536 1782 4598 oronnae,-

1000 4553 1070 4661 vunfe
1089 4607 1114 4660 in
1127 4605 1273 4661 Commeat.
1292 4605 1363 4659 Eccl.
1377 4604 1477 4658 Polcm.
1491 4618 1549 4673 cap.
1567 4619 1604 4668 xx,
1623 4602 1701 4658 lnlert
1712 4604 1775 4658 Liri·

1000 4691 1109 4730 nenscm
1121 4691 1173 4728 non
1188 4675 1267 4728 luisse
1278 4674 1417 4743 Pelagiana
1427 4673 1469 4726 lue
1479 4672 1612 4727 iniectum.
1625 4672 1731 4727 Poterat
1739 4674 1781 4728 ad·

1000 4745 1076 4807 dere,
1090 4742 1215 4825 appellari
1228 4744 1307 4797 etiam
1328 4759 1417 4797 ranam
1430 4757 1446 4796 a
1461 4743 1575 4797 Gelasio.
1592 4763 1601 4793 ι
1615 4740 1723 4797 Oblatus
1740 4752 1781 4798 est

1003 4813 1110 4876 «uirbis,
1128 4813 1221 4883 inquit,
1240 4812 1397 4866 miserabilis
1412 4826 1492 4868 senex
1507 4811 1605 4866 Seneca
1622 4812 1737 4877 nomine,
1754 4812 1781 4868 in

1003 4882 1169 4951 ‹Pelagiauae
1185 4881 1317 4952 voraginis
1334 4896 1424 4944 omno,
1442 4880 1510 4935 sicut
1526 4880 1559 4935 de
1576 4881 1732 4949 qrribnsdam
1753 4881 1780 4936 iu

1003 4969 1012 5001 ι
1025 4950 1180 5021 Apocalypsi
1191 4950 1310 5019 legimus,
1324 4951 1396 5004 velut
1407 4964 1458 5003 nna
1467 4964 1590 5003 ranarum
1603 4949 1780 5018 imprudenter

1003 5021 1173 5074 ‹imtnersus
1186 5020 1221 5073 dt
1238 5017 1342 5074 Gelasio
1354 5027 1445 5072 notum
1462 5017 1542 5073 luisse
1556 5019 1684 5072 vincentii
1702 5033 1777 5086 opus,
1799 5062 1804 5071 .

999 5104 1053 5142 non
1065 5087 1162 5143 credo:
1176 5088 1290 5156 alioquin
1300 5088 1336 5141 illi
1346 5087 1467 5142 meritum
1480 5102 1510 5141 re
1519 5085 1643 5141 erudisset
1652 5087 1777 5140 honorem

1000 5158 1026 5211 in
1036 5157 1189 5212 recensione
1202 5157 1338 5223 librorum,
1352 5166 1379 5211 ιι
1391 5155 1512 5210 testimon
1524 5170 1567 5208 trm
1581 5153 1642 5208 illud
1650 5155 1721 5209 Eccl.
1733 5155 1777 5218 ld,

999 5242 1025 5279 v.
1041 5228 1066 5290 l,
1084 5224 1115 5279 de
1126 5226 1217 5279 ιιιιιιιιι
1231 5227 1357 5279 rnoritnrla
1369 5225 1435 5280 torte
1448 5224 1509 5293 legit
1526 5224 1552 5277 in
1565 5223 1660 5292 Optato
1677 5223 1777 5277 hilleri-

999 5303 1062 5349 tano
1071 5294 1115 5349 lib.
1132 5295 1158 5359 l,
1172 5306 1244 5347 uum.
1255 5295 1282 5358 t,
1292 5294 1334 5348 vel
1347 5293 1491 5363 Augustino
1504 5293 1549 5347 lib.
1560 5292 1657 5346 icant.
1671 5292 1720 5361 Ep.
1732 5291 1778 5346 Pe

999 5364 1149 5433 tilianicap.
1160 5379 1187 5428 x,
1198 5363 1286 5416 abiait
1298 5381 1304 5415 :
1321 5383 1330 5414 ι
1342 5364 1451 5431 Propter
1459 5361 1671 5434 numerositatem
1679 5375 1777 5420 matters

1002 5427 1136 5486 «arbitror
1148 5447 1206 5486 esse
1218 5439 1396 5501 comparatos:
1411 5431 1456 5484 sed
1468 5431 1493 5483 hi
1504 5430 1679 5484 exterruinant
1689 5427 1776 5484 oleum

1002 5520 1010 5550 ι
1023 5502 1168 5565 suavitatis,
1181 5500 1287 5569 quirion
1299 5502 1381 5570 ipsam
1396 5500 1439 5553 liei
1453 5498 1628 5569 gunianr‚vcd
1638 5497 1777 5553 homiuum

1002 5589 1011 5620 ι
1022 5585 1109 5625 mores
1122 5570 1263 5623 intucatur.
1279 5589 1288 5619 ι

1660 5650 1692 5707 tt
