4009 6184
243 360 301 420 dili
868 351 1038 409 tta'tzth'tlt
1059 353 1245 411 tlttlt’sttsts
1802 354 1856 411 (ihi

245 496 297 536 nux
310 478 372 537 luit.
386 472 526 532 Christiani
540 469 680 538 magisterii
695 467 849 522 auetoribitc
861 467 1021 533 conscripsi.
1079 463 1232 516 diceretur:
1253 459 1284 514 Si
1297 459 1431 514 rriircrcrit
1442 459 1468 512 iu
1484 456 1566 513 medio
1579 458 1615 512 tui
1627 457 1764 530 prophete,
1785 457 1859 515 Perit.

247 573 283 625 Oe
294 570 370 636 cujus
382 563 525 621 incredibili
547 561 659 632 quadam
672 559 780 614 scicntia
794 558 816 612 si
829 557 888 626 quis
907 556 1025 610 reieren·
1078 552 1121 605 15.
1136 552 1169 605 Et
1179 550 1255 619 paulo
1268 558 1342 620 post:
1358 549 1418 604 hi'nii
1431 552 1528 614 radies,
1543 550 1633 620 iuquit,
1647 552 1720 604 uerba
1733 553 1859 620 proplirtae

245 663 314 716 tibus
335 659 411 713 nobis
430 655 606 711 Gliristiamim
630 667 682 706 nou
705 650 806 720 aceepit
827 648 1004 703 testiinonium
1016 688 1024 708 ,
1078 639 1155 693 illitt-
1170 640 1203 693 Ei
1214 640 1296 693 item:
1321 639 1387 704 Qitt'ss
1398 649 1476 693 tentet
1487 655 1538 703 2²⁰⁸.
1546 638 1645 709 intelil-
1659 638 1782 692 Dittm'fdtt
1793 637 1860 692 ΒΜ

243 750 336 803 silum
363 743 563 802 merimannus
584 740 746 812 pbilosophis
769 739 893 809 gentilem
917 736 1027 806 recipiat
1078 738 1156 792 uerter
1180 731 1264 781 attritu
1282 728 1392 799 etttpirti
1409 745 1466 782 eunt
1482 744 1516 781 aa
1534 743 1593 781 naa.
1614 728 1681 782 tare
1701 742 1754 781 nou
1774 728 1859 781 solutu

242 836 445 891 consessionem.
467 834 511 887 Ait
529 846 641 901 namque
653 830 747 888 imatus
760 829 802 882 ille
814 825 974 896 Porphyrius
987 825 1025 895 (l)
1078 820 1198 884 nautio,
1212 818 1259 873 soil
1276 820 1356 873 etiam
1370 834 1463 897 magna
1474 819 1583 874 teumtio
1592 818 1706 873 deditam
1719 815 1768 873 sibi
1782 827 1860 888 atque

242 927 356 981 excitum
380 939 410 978 se
430 923 500 977 lama
526 921 608 990 ipsius
632 917 816 974 Alexandriam
836 931 947 985 puerum
972 913 1027 969 iere
1078 907 1306 978 insependentcm
1318 909 1463 963 Ecclesiam
1475 907 1762 979 admiratioueingenii,
1773 908 1859 962 scien·

242 1018 401 1087 perrexisse,
417 1015 504 1084 ibiqiic
516 1027 576 1067 eum
590 1011 685 1064 iidissc
696 1009 751 1078 jam
764 1023 870 1072 senem,
890 1006 937 1060 scd
950 1006 1027 1074 plane
1079 998 1131 1063 ⁸51⁰,
1142 998 1307 1067 θῑῡᾳΰθΰῑῑωι
1321 998 1537 1062 00011153ῑὶθῦῑῆ
1550 1005 1577 1052 ei
1593 1002 1694 1066 {imiimi
1708 996 1772 1051 nihil
1785 996 1818 1051 dt
1832 1011 1860 1051 ὅθ

243 1111 321 1167 2,me
346 1115 498 1176 turriumque
520 1104 564 1172 quq
587 1117 674 1156 mim
697 1101 776 1154 tutius
794 1100 910 1152 screnum
933 1096 1025 1151 condi.
1078 1086 1265 1156 suspicantem,
1278 1086 1713 1150 nihilxereutem,subitoareteri
1726 1086 1860 1155 ileligione

242 1200 333 1252 disset.
355 1198 415 1251 Dies
435 1210 477 1250 nte
495 1193 572 1248 citius
586 1190 709 1245 deiecerit
728 1204 806 1259 quam
819 1204 849 1242 ea
862 1203 921 1256 quan
935 1187 961 1239 iii
982 1185 1027 1238 illo
1077 1176 1204 1231 innexam
1211 1177 1419 1248 prophanitatem
1426 1178 1523 1232 sensim
1531 1177 1706 1247 paulatimque
1713 1177 1858 1232 traducere·

178 1353 182 1358 .
243 1289 300 1341 iiro
311 1284 435 1355 praeclara
447 1284 602 1338 exstitemnt
619 1281 658 1333 xnl
676 1294 708 1331 nx
728 1279 834 1332 uiiiiiuia
848 1277 940 1330 saltem
953 1283 1027 1343 parte
1078 1265 1131 1322 Sed
1144 1268 1214 1323 dicet
1232 1269 1326 1338 aliquis
1346 1276 1483 1338 corruptos
1495 1283 1553 1322 esse
1565 1267 1685 1337 Origenis
1698 1268 1789 1322 libros.
1803 1267 1860 1320 Non

244 1378 418 1446 perstringam
433 1393 439 1428 :
460 1388 519 1443 quen
533 1381 619 1426 mmen
633 1371 720 1424 omnia
734 1385 785 1422 nori
805 1369 890 1421 solum
908 1367 940 1420 ad
955 1368 1025 1420 ileli-

244 1469 330 1538 gionis
340 1465 458 1536 gloriam,
468 1462 599 1518 sedetiam
613 1460 645 1512 ad
660 1459 810 1512 tentationis
823 1456 1026 1525 magnitudinem

239 1557 419 1629 pertinebant.
433 1553 534 1619 Quotus
546 1551 616 1604 enim
630 1549 739 1618 quisque
753 1547 816 1601 unii
830 1545 935 1616 ingenii,
947 1553 1027 1598 tantm

242 1652 380 1711 iloctrtnae,
394 1652 473 1699 matre
485 1643 575 1713 gratia
585 1641 668 1694 iiriim
681 1647 726 1693 aut
739 1638 815 1692 facile
826 1637 982 1706 deponeret,
996 1650 1028 1690 ac

244 1755 297 1795 nou
319 1739 362 1794 illa
384 1738 471 1807 potius
492 1741 609 1788 uteretur
630 1731 779 1794 sententia,
802 1742 831 1783 se
844 1743 903 1782 cum
915 1727 1027 1797 Origene

244 1847 334 1886 errare
352 1830 448 1891 mallo,
470 1840 549 1896 quam
565 1839 624 1878 cum
638 1823 696 1877 aliis
709 1836 770 1875 xero
789 1819 906 1874 sentire?
927 1817 1028 1887 etquid

246 1923 339 1994 plura?
352 1917 544 1976 Eoresdeeidit
553 1923 582 1970 ut
592 1923 671 1969 tante
682 1927 812 1982 persone,
823 1911 887 1963 tanti
901 1909 1026 1973 doctoris,

244 2012 309 2067 tanti
322 2009 475 2082 prophete,
498 2020 552 2064 non
564 2004 677 2058 hiunana
693 2002 795 2071 aliqua,
819 1999 882 2064 sed,
901 2007 931 2051 ut
942 1999 1029 2052 exitus

244 2104 352 2166 ilocuit,
375 2100 485 2154 nimium
503 2095 648 2167 periculosa
661 2092 771 2148 tentatio
784 2090 909 2161 plurimos
930 2103 945 2144 a
969 2089 1028 2144 sitici

245 2194 394 2262 integritate
403 2189 553 2245 deduceret.
569 2184 746 2252 Quamobrem
757 2183 800 2237 hie
807 2181 932 2252 Origenes
941 2189 1029 2236 tantus

245 2301 277 2339 ae
291 2284 359 2346 talis,
373 2283 435 2336 dum
448 2279 530 2348 gratia
544 2278 590 2332 liei
602 2276 756 2343 insolentius
767 2274 896 2336 abutitur,
910 2271 972 2326 dum
987 2272 1028 2325 in-

246 2374 323 2444 genio
335 2385 384 2426 suo
396 2368 505 2424 nimium
519 2366 643 2428 indulret,
658 2364 759 2433 sibique
779 2363 842 2417 satis
854 2361 950 2424 eredit,
969 2376 1030 2415 cum

247 2462 321 2531 parri
335 2459 424 2530 pendit
433 2457 566 2525 antiquam
579 2453 734 2508 Christiane
748 2451 891 2520 Religionis
904 2450 1030 2519 simplici-

248 2559 348 2613 tatem,
373 2547 436 2604 dam
455 2559 484 2601 se
504 2544 561 2613 plus
573 2542 675 2597 cunetis
687 2555 779 2609 sapere
792 2539 945 2608 presumit,
967 2537 1031 2592 dum

248 2638 439 2695 ecclesiasticas
450 2634 602 2690 traditiones
611 2640 762 2688 etreterum
775 2630 925 2701 magisteria
938 2638 1030 2683 eonte-

250 2742 353 2792 mucns,
367 2724 487 2795 quaedam
501 2722 694 2792 Scripturamm
705 2718 818 2788 capitula
832 2718 869 2788 (2)
882 2733 951 2773 noro
958 2734 1032 2774 more

249 2822 444 2887 interpretatur,
464 2813 560 2867 uieruit
579 2818 607 2865 ut
627 2810 660 2864 de
681 2824 710 2864 se
731 2822 835 2877 quoque
848 2807 972 2862 sceleste
985 2808 1032 2863 liei

249 3026 308 3082 quie
328 3001 449 3080 Philippo
467 3007 517 3078 AEg
536 3007 572 3076 pti
595 3004 730 3074 Augustali
752 3002 929 3066 contemnum
980 3002 1032 3055 uod

249 3079 496 3151 asseritpracsertim
524 3077 570 3132 eE
589 3073 812 3142 istolisOrigeuis.
835 3072 944 3126 liuehus
957 3072 975 3124 li
997 3072 1029 3125 ‚l

248 3150 355 3231 Orignn.
369 3164 399 3204 m
421 3148 466 3210 ,1,
480 3162 553 3200 num.
569 3092 612 3210 ft,
625 3146 662 3199 ait
674 3143 775 3197 occulte
789 3155 804 3194 a
818 3141 932 3195 Fabiano
951 3139 1033 3195 luisse

250 3220 380 3274 initiatum
399 3165 547 3286 ssliilippum
567 3212 713 3268 Antiochiae
729 3211 779 3266 sub
791 3210 904 3280 Babyla;
927 3218 955 3264 et
973 3208 1033 3263 ideo

250 3289 410 3345 celebratum
423 3285 592 3341 acatholicis
612 3282 640 3337 id
661 3281 728 3342 luit,
744 3295 796 3333 non
810 3279 998 3348 reprehensum
1018 3293 1033 3331 a

267 3358 408 3421 entilibus,
428 3356 488 3425 quia
499 3368 545 3407 eos
558 3352 642 3406 latuit.
656 3350 781 3418 Suspicor
790 3348 938 3416 amplexum
952 3346 1034 3401 inisse

250 3376 337 3498 iliiltp
355 3441 398 3480 um
408 3424 584 3480 Christianam
595 3420 766 3490 Religionem,
780 3417 849 3487 quod
857 3417 882 3470 ci
889 3416 1035 3485 exprobant

182 3529 186 3536 ·
252 3512 322 3552 noun
349 3493 378 3559 li,
392 3493 467 3564 qnasi
480 3493 519 3547 sic
534 3500 622 3561 tegere
634 3496 724 3558 posset
735 3486 857 3540 crimina.
871 3485 927 3539 lloc
940 3494 1035 3538 testam

251 3577 294 3621 tur
316 3573 412 3636 preeter
433 3575 513 3631 supra
537 3560 656 3615 laudatos
681 3556 807 3612 Leontius
831 3554 1032 3619 Antiocheniis,

251 3635 475 3706 Glirysostomus,
496 3637 625 3685 exauctor
638 3625 763 3682 Chronici
775 3622 944 3678 Alexandrini
956 3639 963 3687 ;
987 3623 1034 3676 sed

252 3705 401 3827 ...pa
414 3692 1034 3840 liarenaturamnatural

253 3789 303 3829 nec
351 3788 394 3828 em
416 3788 425 3826 i
945 3800 952 3812 .

253 3843 369 3966 suspicio
379 3841 470 3894 multis
482 3836 581 3892 firmari
594 3842 684 3904 posset
696 3831 882 3887 monumentis.

288 3913 298 3980 (
317 3910 326 3982 )
345 3910 473 3970 Valesius,
482 3916 510 3963 ct
519 3913 578 3975 post
590 3906 662 3958 illum
673 3903 782 3958 lluctius
791 3916 823 3956 ex
834 3899 884 3954 hoc
896 3899 983 3968 Porph
1018 3899 1035 3953 ‘i

254 3980 404 4037 testimonio
413 3977 528 4032 inierunt
549 3975 617 4029 duos
637 3973 769 4027 exstitisse
788 3968 925 4038 Origenes,
943 3984 985 4021 ain
1022 3981 1036 4022 s

254 4049 385 4104 Ammonii
398 4045 559 4115 discipulos:
573 4051 708 4106 nostrum,
740 4042 766 4095 ui
779 4039 856 4108 rugo
864 4036 1036 4092 Adamantius

253 4129 295 4173 cst
303 4119 399 4180 dietus,
410 4115 444 4170 de
451 4129 503 4184 quo
512 4111 672 4183 Porphyrius
683 4057 875 4164 imitemuliam
888 4105 1036 4174 exscriptis

255 4187 323 4257 apud
335 4194 455 4255 pistcros
464 4182 572 4253 gloriam
583 4181 664 4234 luisse
674 4187 855 4241 consecutum,
866 4176 967 4244 sibique
977 4175 1037 4228 ado

255 4255 365 4311 lesceiiti
377 4253 452 4308 ialde
461 4260 569 4314 uotum;
583 4251 695 4305 alterum
707 4263 770 4303 rero
781 4247 826 4317 qui
838 4245 887 4299 init
900 4244 1035 4309 herennii,

256 4337 282 4381 ct
303 4324 397 4379 Plotini
417 4321 533 4377 coudisei
553 4321 627 4384 ulus,
653 4319 752 4387 dequo
765 4313 996 4392 irequensmcntio
1009 4312 1036 4366 in

256 4398 308 4450 rita
326 4393 421 4448 Plotini
443 4392 513 4445 alic
549 4405 591 4443 cm
613 4387 760 4456 Porphyrio
777 4386 896 4452 scripta;
919 4380 1037 4450 nihilque

282 4473 420 4518 isterorum
449 4458 584 4515 memorin
611 4458 716 4526 reliquit
740 4463 836 4524 praeter
858 4450 973 4504 libellum
1003 4450 1037 4504 dc

256 4481 441 4595 Rumoribus,
463 4538 492 4583 ut
506 4535 610 4582 onustat
627 4542 660 4580 cu
679 4525 806 4593 Longino.
821 4521 881 4574 Fuit
893 4526 980 4572 autem
994 4519 1037 4572 liic

256 4601 460 4670 condiscipulus,
470 4597 614 4666 exaequatis
626 4594 764 4663 Porphyrii
776 4592 875 4652 Roman,
887 4590 909 4642 si
919 4589 1037 4656 Eiiiiapio

258 4673 333 4726 sides.
353 4671 468 4733 l'erum,
492 4675 522 4720 ut
542 4666 676 4732 utriusque
685 4660 730 4716 Ori
747 4661 804 4714 enis
820 4659 899 4711 latum
913 4664 1038 4725 appareat

258 4740 397 4794 discrimen
409 4780 417 4804 ,
431 4743 535 4806 oportet
551 4735 689 4788 aduertere
701 4678 885 4808 hiumam-tium
903 4726 939 4779 im
974 4740 1037 4779 ran-

260 4811 330 4863 tibus
342 4807 416 4862 Gallo
425 4815 452 4861 et
462 4804 601 4859 Volusiano
615 4817 647 4855 ex
662 4799 775 4853 Eusebio
785 4798 881 4850 obiisse
896 4812 903 4846 τ
926 4803 1036 4847 aterum

262 4895 324 4934 acm
337 4893 369 4932 ex
383 4875 528 4944 Porpliprlo
539 4872 565 4926 in
578 4871 630 4924 vita
640 4868 734 4922 Plotini
745 4866 794 4921 sub
806 4864 924 4920 Gallieno
936 4863 1037 4917 innixis

260 4950 349 5011 luisse,
365 4960 396 4999 ae
405 4945 498 4998 librum
512 4939 652 5010 quemdam
665 4936 824 4990 elaborasse.
1019 5000 1024 5008 Λ

296 5016 334 5097 (2)
353 5014 418 5080 Qum
428 5011 523 5066 luerint
538 5009 594 5062 linc
605 5006 799 5074 Scripturamm
807 5000 918 5070 capitula
932 5008 1039 5068 exponit

262 5084 421 5153 Epiphanius
442 5081 468 5134 in
489 5078 639 5132 Anchoratu
660 5089 762 5127 numer.
777 5073 811 5126 51
823 5080 850 5126 ct
868 5070 912 5132 62,
932 5068 1038 5123 exordia

260 5157 361 5208 scilicet
380 5148 513 5206 Genesis:
537 5144 701 5212 «Plerique,
726 5141 827 5210 inquit,
849 5138 987 5207 allegorice
1006 5137 1039 5190 de

265 5222 412 5277 aParadisn
433 5218 585 5284 disputant,
609 5220 687 5281 atque
706 5211 774 5263 inter
794 5217 904 5264 ceteros
924 5204 1039 5259 furiosus

264 5292 332 5346 «Ori
350 5305 414 5345 eries
434 5284 614 5339 adumbratam
638 5279 727 5333 nescio
775 5292 826 5332 iam
852 5276 965 5355 speciem
992 5288 1040 5342 pro

266 5381 275 5409 e
290 5368 399 5414 tentate
411 5357 438 5411 in
450 5352 575 5408 mundum
592 5349 698 5402 invexit.
713 5367 722 5400 i
770 5354 780 5399 t
798 5344 1039 5415 postermuham,

267 5449 275 5482 r
291 5431 385 5483 iterum
400 5445 407 5480 r
426 5444 435 5476 i
450 5422 539 5478 liedeo
550 5418 636 5474 adOri
655 5417 724 5471 ‘uem
750 5415 820 5484 quod
831 5413 879 5483 ipsi
890 5413 959 5466 heus
971 5411 1042 5480 igno

266 5518 276 5549 i
291 5499 365 5565 scat)
379 5514 385 5548 :
400 5492 614 5549 absurdissimam
626 5434 702 5540 eiiam
715 5485 738 5537 ia
775 5485 837 5547 lam,
851 5491 878 5563 et
890 5480 1039 5551 allegoriam

268 5585 277 5612 ο
292 5564 410 5619 iallendis
423 5561 571 5616 hominihus
585 5572 632 5627 pro
681 5556 729 5619 uit,
740 5561 812 5607 etei
828 5550 893 5604 llide
904 5550 933 5604 S.
945 5555 1040 5628 ‘rtrum

265 5636 316 5687 irie.
331 5632 400 5687 laud.
414 5630 523 5698 Oportet
535 5638 621 5681 tainen
653 5628 677 5678 ie
689 5623 838 5680 ailxertere,
854 5618 922 5687 quod
936 5618 995 5670 licet
1009 5615 1042 5668 ab

281 5702 377 5782 ‘tigano
390 5707 524 5778 peceatum
543 5696 578 5749 sit
598 5694 632 5748 oh
646 5693 796 5760 ircquciitrs
808 5690 953 5750 allegorias.
974 5688 1042 5740 iuter

1078 1356 1191 1423 resisto;
1205 1358 1266 1427 quin
1277 1358 1363 1426 potius
1375 1367 1402 1412 et
1415 1358 1493 1412 main.
1514 1358 1578 1411 Nam
1598 1357 1624 1410 id
1636 1371 1651 1409 a
1665 1357 1822 1426 quibusdam
1834 1368 1860 1411 ct

1078 1447 1427 1518 tmditumetseriptumest,
1439 1447 1639 1503 nonGatholicis
1649 1457 1760 1513 tautum,
1768 1463 1860 1503 rerum

1078 1538 1157 1592 etiam
1167 1538 1311 1594 llmretieis.
1326 1538 1378 1594 Sed
1391 1538 1453 1594 illud
1465 1538 1583 1608 estquod
1595 1555 1664 1593 nuuc
1673 1538 1799 1593 dehemus
1810 1539 1860 1594 adr

1078 1635 1181 1682 uertere
1193 1628 1242 1682 ctsi
1255 1642 1307 1681 non
1321 1628 1423 1697 ipsum,
1441 1628 1521 1682 libros
1533 1636 1620 1682 tamen
1632 1627 1681 1681 sub
1694 1628 1799 1681 nomine
1811 1643 1861 1682 sne

1079 1717 1173 1784 editos,
1183 1734 1285 1789 magne
1297 1734 1356 1774 esse
1365 1719 1502 1774 tentationi
1514 1738 1520 1773 ε
1532 1720 1577 1789 qui
1590 1719 1677 1774 multis
1686 1719 1863 1790 blasphemia-

1079 1823 1138 1862 rum
1145 1809 1295 1865 vulneribus
1307 1817 1447 1874 scatentes,
1462 1826 1514 1865 uon
1526 1819 1555 1865 nt
1564 1810 1657 1874 alieni,
1674 1809 1721 1865 sed
1732 1811 1807 1879 quasi
1819 1813 1861 1865 sui

1079 1905 1107 1952 et
1116 1898 1236 1968 leguntur
1248 1905 1275 1952 ct
1289 1907 1425 1963 amantum
1449 1907 1478 1953 ut
1488 1898 1537 1953 etsi
1548 1899 1575 1952 in
1586 1913 1676 1955 errore
1688 1899 1863 1969 concipiendo

1079 1989 1198 2059 Origenis
1212 2006 1263 2044 non
1284 1989 1333 2047 luit
1344 2005 1451 2054 seusus,
1471 1989 1504 2043 ad
1520 2004 1637 2044 errorem
1649 1995 1736 2043 tammi
1749 2005 1860 2059 persua·

1080 2080 1193 2135 deiidum
1205 2081 1324 2151 Origenis
1338 2081 1480 2135 aiictoritas
1492 2081 1579 2135 ualere
1591 2080 1719 2135 rideatur.

1114 2170 1206 2226 Xlllll.
1224 2171 1278 2227 Sed
1293 2180 1321 2227 et
1338 2171 1489 2227 Tertulliani
1502 2187 1606 2242 quoque
1619 2171 1711 2227 eadem
1727 2173 1796 2227 ratio
1808 2181 1863 2227 est.

1080 2261 1146 2315 Nam
1158 2270 1226 2316 sieut
1239 2261 1283 2316 ille
1292 2263 1359 2332 apud
1370 2260 1491 2326 Graecos,
1506 2261 1541 2315 ita
1551 2261 1594 2315 hic
1606 2261 1674 2330 apud
1687 2259 1793 2316 Latinm
1803 2273 1863 2315 nos·

1081 2357 1181 2404 trorum
1198 2349 1315 2404 omnium
1336 2349 1411 2405 iacile
1430 2348 1774 2422 princepsjudicandusest.
1792 2350 1862 2415 Quid

1081 2440 1151 2495 enim
1164 2441 1215 2496 hoc
1224 2442 1281 2495 viro
1293 2440 1412 2505 doctius,
1429 2441 1492 2511 quid
1504 2441 1530 2494 iu
1540 2440 1721 2510 diripientque
1739 2441 1863 2495 humanis

1082 2531 1161 2586 rebus
1183 2532 1367 2588 exoretuitust
1384 2532 1482 2602 Nempe
1500 2546 1605 2586 omnem
1627 2531 1819 2602 philosophiam
1835 2541 1864 2585 ct

1082 2632 1189 2678 cunctas
1202 2623 1417 2694 philosophorum
1431 2631 1533 2687 sectas,
1546 2630 1684 2687 auctores,
1699 2622 1864 2677 adsertores-

1082 2724 1290 2785 qnesectarum,
1311 2728 1454 2784 omnesque
1472 2728 1563 2769 eorum
1573 2713 1732 2783 disciplinas,
1755 2727 1865 2767 omnem

1083 2803 1251 2859 historiarum
1272 2818 1303 2858 ac
1322 2802 1468 2857 studiorum
1488 2803 1640 2857 radentem
1662 2801 1727 2856 mira
1749 2801 1864 2872 quadam

1083 2894 1178 2949 mentis
1191 2893 1334 2963 capacitate
1353 2892 1504 2962 complexus
1516 2901 1567 2946 est.
1580 2890 1685 2960 ingenio
1699 2906 1763 2945 xero
1774 2906 1866 2945 noune

1083 2992 1137 3036 tam
1151 2982 1222 3053 graii
1232 2997 1263 3038 ac
1276 2981 1424 3037 vehementi
1434 2980 1557 3035 excelluit
1567 2989 1595 3033 ut
1607 2979 1656 3034 sibi
1675 2979 1739 3033 nihil
1753 2980 1866 3050 peneail

1084 3072 1286 3143 expugnandum
1302 3072 1467 3142 proposuerit
1479 3070 1549 3140 quod
1564 3086 1616 3124 uon
1627 3079 1672 3123 ant
1686 3071 1808 3124 acumine
1824 3069 1867 3124 in-

1084 3165 1194 3234 ruperit,
1205 3163 1372 3234 autpoudere
1381 3162 1501 3218 eliserit?
1510 3162 1567 3216 lam
1580 3175 1658 3231 porro
1668 3160 1794 3215 orationis
1809 3175 1869 3217 sua

1085 3255 1175 3310 landes
1187 3255 1246 3324 quis
1255 3254 1363 3324 exsequi
1373 3254 1475 3317 valcat,
1489 3269 1558 3322 quae,
1570 3259 1641 3306 tauta
1660 3252 1749 3307 nescio
1759 3266 1811 3321 qua
1826 3267 1869 3306 ra

1085 3346 1186 3400 tionum
1197 3346 1355 3400 necessitate
1373 3353 1495 3399 concerta
1512 3352 1552 3398 est
1565 3353 1593 3397 ut
1602 3343 1636 3397 ad
1648 3358 1805 3398 consensum
1824 3345 1868 3397 sul

1085 3435 1272 3505 quossuadcre
1291 3449 1344 3490 non
1360 3433 1474 3505 potuerit
1486 3433 1617 3502 impellam
1636 3432 1785 3501 cujusquot
1798 3447 1870 3502 peric

1086 3524 1175 3591 uerba,
1189 3532 1228 3579 tot
1238 3524 1375 3579 sententiae
1385 3532 1464 3587 suut;
1485 3530 1549 3591 quot
1566 3523 1678 3587 sensus*
1687 3530 1725 3575 tot
1737 3522 1868 3576 iictoriae.

1087 3613 1179 3668 Sciunt
1195 3614 1246 3669 hoc
1255 3613 1419 3677 hlarcioues,
1447 3611 1569 3679 Apelles,
1588 3610 1705 3673 Praxeae,
1720 3609 1869 3678 llermoge-

1086 3717 1144 3767 nes,
1152 3702 1245 3768 ludaei,
1257 3701 1383 3767 Gentiles,
1395 3700 1523 3764 Gnostici,
1534 3699 1690 3767 ceterique3
1702 3713 1813 3768 quorum
1822 3700 1870 3755 ilie

1087 3792 1262 3862 blasphemias
1274 3791 1403 3847 multisne
1414 3789 1681 3860 maguisroluminum
1691 3804 1799 3843 suorum
1809 3805 1870 3844 mo

1087 3882 1166 3946 libus,
1179 3882 1251 3936 reiut
1261 3879 1418 3950 quibusdam
1438 3878 1602 3943 fulminibus,
1613 3878 1716 3931 excutit.
1731 3878 1870 3938 httamea

1088 3974 1131 4028 liic
1143 3988 1246 4044 quoque
1260 3979 1320 4042 post
1331 3972 1388 4026 hnc
1405 3971 1508 4037 omnia,
1519 3969 1573 4034 liic,
1588 3969 1712 4038 inquam,
1726 3968 1869 4022 Tertullia-

1088 4079 1147 4127 nus,
1158 4062 1280 4117 catholici
1290 4060 1428 4131 dogmatis,
1446 4060 1472 4114 id
1485 4067 1534 4125 est,
1546 4057 1702 4112 universalis
1714 4072 1745 4112 ac
1756 4066 1870 4113 vetustae

1089 4150 1147 4205 tidei
1160 4165 1250 4220 parum
1260 4157 1348 4214 tenax,
1361 4161 1393 4202 ac
1411 4147 1533 4202 disertior
1553 4146 1636 4200 multo
1656 4161 1736 4215 quam
1751 4139 1868 4211 ielicior,

1088 4247 1186 4294 mumta
1196 4238 1321 4307 deinceps
1330 4236 1471 4301 seutemia,
1485 4234 1546 4289 iecit
1554 4233 1587 4288 ad
1597 4242 1743 4288 extremum
1752 4232 1822 4302 quod
1834 4233 1870 4289 dc

1089 4344 1122 4383 eo
1133 4329 1226 4383 heatus
1235 4326 1373 4382 consessor
1382 4325 1495 4379 liilarius
1506 4322 1620 4393 quodam
1633 4323 1693 4376 loeo
1701 4322 1809 4376 scribit:
1824 4320 1873 4377 Se·

1088 4418 1182 4488 quenti,
1193 4417 1287 4487 inquit,
1297 4431 1379 4469 errore
1388 4413 1495 4467 detraxit
1504 4412 1603 4482 scriptis
1613 4411 1779 4481 probabiliter
1787 4420 1868 4464 nudo

1088 4507 1197 4572 ritatem,
1211 4505 1324 4559 llilarius
1337 4503 1362 4557 iii
1375 4501 1466 4559 llatth.
1479 4516 1504 4556 c.
1515 4501 1542 4555 5.
1553 4501 1587 4554 Et
1599 4499 1648 4553 luit
1657 4498 1713 4568 ipse
1724 4513 1829 4568 quoqne
1841 4498 1867 4552 hi

1091 4595 1208 4650 Ecclesia
1218 4608 1311 4663 magna
1321 4592 1440 4647 tentatio.
1452 4589 1505 4645 Sed
1512 4589 1546 4644 de
1555 4589 1606 4643 hoc
1615 4588 1676 4642 nolo
1687 4587 1760 4657 plura
1769 4586 1866 4641 dicere.

1090 4685 1146 4740 lloc
1162 4692 1264 4739 tautum
1279 4680 1508 4745 commemorabo,
1522 4677 1593 4748 quod
1604 4685 1695 4731 conua
1704 4675 1787 4746 lloysi
1800 4690 1868 4743 prn-

1090 4782 1195 4843 ceptum
1205 4777 1374 4839 exsurgentes
1382 4767 1531 4822 inEcclesia
1544 4762 1779 4819 norellasllontaui
1789 4759 1870 4814 iunias

1090 4863 1213 4916 etinsana
1219 4858 1264 4913 illa
1270 4858 1419 4911 insanarum
1425 4854 1563 4909 mulierum
1570 4851 1660 4907 novitii
1666 4849 1870 4920 dogmatism-

1090 4951 1134 5005 uia
1147 4949 1184 5021 (l)
1196 4961 1272 5002 rems
1282 4944 1432 5015 prophetias
1443 4938 1633 5005 adseverando,
1651 4936 1747 4992 meant
1758 4934 1825 4988 atde
1836 4948 1870 4987 se

1090 5070 1195 5117 veteres
1212 5066 1299 5111 tamon
1313 5069 1391 5109 nemo
1411 5050 1558 5106 accuratius
1575 5048 1619 5102 illo
1639 5046 1718 5101 ctiam
1731 5041 1869 5098 litteralem

1091 5130 1233 5197 Scriptura
1245 5137 1351 5180 sensum
1365 5119 1494 5191 exposuit,
1505 5127 1534 5173 ut
1543 5117 1625 5186 probe
1637 5123 1728 5169 notum
1746 5120 1786 5168 est
1800 5110 1868 5170 illia,

1065 5199 1136 5268 ·qui
1157 5196 1214 5265 ejus
1236 5191 1429 5248 lucubrationes
1451 5187 1614 5242 exolverunt.
1638 5184 1706 5238 ilinc
1729 5177 1870 5251 amandun

1092 5281 1156 5321 saue
1165 5273 1216 5324 est,
1231 5272 1261 5318 ut
1269 5261 1346 5334 qmulo
1359 5258 1488 5328 nquiores
1500 5256 1526 5310 in
1536 5254 1675 5324 Origenem
1686 5250 1871 5305 iuisscntnon-

1092 5336 1156 5390 uulli
1168 5334 1247 5389 etiam
1260 5347 1293 5385 ex
1306 5327 1437 5383 ueteribus
1448 5342 1456 5390 ;
1469 5326 1513 5394 qui
1524 5332 1630 5401 strenue
1639 5335 1720 5390 quum
1730 5318 1769 5399 nsi
1781 5321 1871 5371 metit

1093 5402 1206 5459 hominis
1215 5398 1358 5458 laboribus,
1372 5409 1464 5464 graues
1476 5400 1568 5462 postea
1579 5391 1674 5445 eihtes
1686 5390 1832 5464 mutarunt.

1128 5473 1166 5543 (l)
1179 5469 1300 5537 intelligit
1317 5463 1460 5520 Priscillam
1485 5469 1513 5515 et
1530 5458 1711 5521 blaximillam,
1728 5453 1821 5532 nobdes
1831 5461 1872 5503 ae

1093 5528 1871 5669 illstltddilsallllitlhltt‘dnilld

1130 5627 1136 5662 ι
1634 5634 1641 5646 .
1687 5635 1691 5644 .

1094 5667 1488 5747 iariotrmperiuclmmieoad
1521 5652 1869 5730 auenniensegieuhri,
