4009 6184
81 179 85 185 ¹
192 225 259 284 utor
386 184 388 191 ’
695 214 741 270 tn
758 211 873 270 orutts
891 212 921 268 s.
941 209 1104 269 sucttcntt
1123 197 1305 266 urrunnu.
1749 200 1819 256 tros

191 342 234 391 eat
250 332 345 390 dolent
363 335 474 385 cernat:
487 340 548 382 nam
570 323 653 396 gemit
674 322 833 393 plerumque
857 322 984 387 animus,
999 324 1150 389 liquorum
1165 334 1249 389 cogno
1265 316 1484 399 peregrinantur,
1497 316 1570 400 quod
1587 319 1614 373 in
1629 318 1740 374 illurnn
1754 334 1821 390 paee

191 413 220 457 et
244 414 332 459 tamen
349 399 438 454 carnis
457 409 514 450 uuae
546 392 769 450 delectationibus
783 394 886 460 rictus,
902 393 982 457 bona,
1039 392 1120 445 etiam
1137 400 1273 458 praesset
1297 398 1421 449 ttturum.
1436 397 1466 443 et
1486 387 1651 444 edificarent
1665 389 1779 454 domos,
1792 400 1822 446 et

191 470 358 543 quaegenuit
394 479 488 522 amans
507 463 610 533 perdit,
633 476 664 517 ea
684 478 744 532 quas
768 462 869 529 patitur
886 462 984 516 dantna
1038 459 1206 513 novellarent
1220 457 1326 519 tineas.
1345 465 1372 511 et
1390 456 1542 525 plantarent
1557 458 1651 512 hortos
1666 476 1674 511 :
1689 461 1751 526 quir
1766 475 1821 516 noa

194 541 349 597 considerat
357 510 373 603 ,⁹
386 550 436 591 nec
457 544 546 591 umen
559 533 666 587 uirtutis
678 530 817 585 brachium
832 541 924 586 contra
938 544 982 587 re·
1037 538 1169 597 agnoscat
1188 525 1252 596 quid
1273 527 1498 609 praefiguraverit,
1518 527 1563 593 qui
1583 529 1731 583 attenderit
1740 537 1823 585 reret

195 625 255 680 gent
267 607 410 678 Babylonis
430 606 513 659 ierat.
529 603 582 659 Sed
596 601 660 656 duro
675 601 768 655 ridens
785 600 912 671 nequitie
926 614 984 668 pur·
1038 597 1189 662 israelitas,
1204 599 1230 649 in
1242 597 1338 665 qutbus
1351 595 1430 664 dolus
1444 610 1496 675 nnn
1510 607 1561 659 est,
1576 611 1624 664 per
1638 599 1821 666 Apostollesqn

195 678 347 750 petrutione
367 676 528 742 percutitur,
553 671 586 726 ad
609 674 661 724 boe
686 670 845 737 quandoque
868 678 984 740 peceato
1037 668 1264 735 dispensationem
1283 681 1343 721 cunt
1360 664 1521 733 lirangcbcu
1534 676 1704 722 sacramento
1725 667 1758 721 ad
1779 683 1824 723 ιο-

195 738 878 877 ιιιιιιιιιιιιιιιιιιιιιιῐιιιιι
1032 732 1824 875 illuseruntuuuttlruuuntum

193 832 263 941 effic
282 869 373 940 oculos
388 830 471 946 eryuit„
483 880 544 949 quia
561 878 692 947 malignus
706 879 826 945 spiritus,
841 850 980 932 subductis
1030 875 1144 928 omniunt
1159 873 1215 938 fieri
1228 874 1428 943 deprecationes,
1442 874 1825 953 orudooeqinturpetlotiorm,

195 956 271 1026 prius
295 954 373 1007 bonis
397 952 541 1020 operibus,
562 958 656 1016 po-tea
677 946 859 1015 intelligentiae
886 948 975 1001 lumen
1030 944 1174 1064 pretiorum
1191 944 1304 1022 ustiones
1322 958 1369 1012 pro
1381 942 1502 1023 'rmntios
1519 942 1672 1006 botntttibus.
1691 960 1740 1014 pru
1756 947 1826 1015 regi-

195 1025 276 1079 tollit.
295 1021 371 1091 Quod
399 1031 471 1076 recte
497 1018 644 1076 sedechias
666 1017 693 1072 in
719 1016 847 1070 liebiattta
867 1017 975 1083 patitur.
1048 1029 1077 1067 ut
1098 1021 1122 1065 et
1141 1012 1181 1065 lut
1194 1028 1236 1082 qut
1250 1012 1441 1065 intullimttntc
1454 1021 1532 1077 tunt,
1547 1022 1573 1064 ιιι
1588 1016 1702 1078 quierunt
1715 1025 1739 1067 rt
1753 1023 1828 1067 trua-

195 1092 327 1149 lieblatlta
342 1091 454 1160 quippe,
472 1089 551 1144 iluim
568 1090 627 1142 hauc
644 1088 836 1155 interpretatur
847 1104 854 1138 z
866 1087 890 1139 ei
905 1086 976 1140 enirn
996 1147 998 1152 ¹
1030 1081 1141 1153 guillam
1154 1082 1230 1134 uitem
1242 1096 1347 1151 aguntus
1361 1080 1388 1134 itt
1399 1082 1467 1133 ontni
1481 1082 1574 1152 pitture
1587 1093 1610 1135 et
1622 1085 1739 1138 enaritate
1753 1099 1764 1137 .·
1778 1085 1828 1137 boc

195 1161 355 1232 quandoque
369 1173 396 1214 et
414 1160 504 1214 lumen
525 1158 635 1211 rationis
653 1156 807 1224 claudetur,
827 1155 873 1223 qni
898 1170 977 1223 prauo
1031 1152 1098 1205 cnirtt
1118 1150 1210 1204 bonum
1234 1159 1259 1204 et
1276 1159 1407 1230 occeptum
1425 1158 1463 1203 ιιι
1480 1165 1565 1204 cornnt
1584 1151 1721 1207 Soluntum
1739 1162 1829 1206 norm

197 1246 249 1287 usu
266 1247 301 1289 cx
321 1229 466 1297 iniquitatis
482 1241 538 1281 suae
557 1224 726 1279 multitudiue
742 1233 867 1293 gravatur
884 1241 891 1276 ι
911 1226 981 1278 sicut
1032 1220 1098 1285 lien,
1114 1221 1157 1286 qtti
1171 1234 1257 1272 omnes
1271 1218 1385 1272 bonttucr
1399 1217 1453 1272 uuit
1467 1219 1550 1274 suiuus
1566 1222 1642 1285 fieri.
1662 1229 1686 1274 ct
1706 1223 1735 1274 r'rt
1751 1223 1830 1290 agai-

199 1301 375 1369 enimquarta
391 1298 434 1352 die
449 1298 546 1352 coelunt
562 1296 588 1349 in
601 1295 678 1352 initio
692 1303 876 1349 creaturarum
900 1294 979 1347 lumi·
1034 1290 1128 1343 tioncnt
1147 1290 1258 1342 ueritatis
1281 1287 1404 1358 reniress
1423 1287 1489 1344 litu.
1509 1304 1541 1346 ιι.
1562 1291 1575 1344 l
1597 1290 1694 1360 seqq).
1715 1290 1755 1346 lit
1776 1291 1836 1345 boe-

199 1369 309 1426 naribus
331 1375 453 1424 ornatum
478 1364 591 1427 exstitit,
613 1367 648 1417 ita
674 1371 767 1430 quarta
786 1371 866 1416 :etate
889 1361 981 1416 rnundi
1034 1359 1134 1428 quippe
1147 1356 1228 1414 etiam
1243 1356 1830 1415 iliiscredentibusdomiciliasuntconstru-

200 1437 363 1494 lsraeliticus
379 1436 492 1503 populus
505 1432 608 1489 eoeiesti
625 1431 677 1487 lide
690 1430 821 1502 inclytus,
835 1446 849 1483 a
863 1431 982 1501 prophe·
1034 1437 1078 1482 cta
1095 1427 1184 1497 pacis,
1196 1426 1313 1482 basilicas
1333 1426 1548 1482 Christianorum
1568 1430 1829 1499 congregationum.

200 1509 236 1562 tis
247 1506 322 1576 quasi
342 1503 454 1559 astellis
470 1503 650 1566 illuminatuS‚
667 1515 750 1569 reguo
767 1499 850 1555 Durid
862 1511 891 1561 ¹el
906 1500 984 1557 Salo·
1037 1504 1066 1552 et
1077 1497 1218 1551 novellatae
1232 1495 1317 1550 uineae
1338 1496 1494 1564 populorum
1515 1497 1650 1564 stdeliurn,
1670 1509 1697 1553 et
1712 1499 1830 1565 plantati

201 1577 290 1630 tutonis
304 1574 449 1643 gloriosus,
463 1572 555 1642 templi
567 1571 647 1626 etiam
658 1569 800 1625 altitudine
816 1578 922 1625 totoest
937 1584 984 1624 no·
1038 1566 1126 1647 nortl,
1140 1565 1185 1620 ubi
1201 1566 1283 1621 etiarn
1298 1565 1475 1647 intertomnia
1490 1568 1563 1622 olera
1578 1582 1690 1637 granum
1707 1568 1775 1622 illud
1793 1569 1833 1621 si-

203 1644 322 1700 bilitatus
348 1642 374 1697 in
397 1642 473 1697 orbe.
496 1640 549 1699 Sed
569 1639 674 1706 sucepit
698 1653 854 1706 uesperum,
879 1617 1115 1707 qnandanapts
1137 1643 1243 1705 regnat,
1265 1635 1315 1690 sub
1337 1648 1414 1702 copus
1431 1636 1595 1692 umbraculis
1616 1637 1696 1707 longe
1722 1638 1835 1702 lateque

204 1712 437 1770 crebrescentibus
458 1712 575 1781 peccatis
600 1724 710 1780 regnum
731 1708 830 1763 iiluda
854 1706 988 1764 Chaldaeis
1039 1706 1181 1787 porrectis,
1197 1704 1543 1786 etiamaltipetarsuperbia
1556 1705 1677 1777 gentiunt
1693 1717 1835 1775 tamquam

204 1783 378 1850 dissipatum,
398 1782 528 1851 templum
548 1781 679 1843 dirutum,
703 1787 730 1833 et
753 1786 807 1833 tota
823 1777 868 1832 ilio
883 1792 949 1847 gens
960 1780 986 1831 io
1038 1789 1065 1828 tn
1079 1775 1140 1829 coelt
1152 1774 1306 1828 rolattltbus
1319 1772 1497 1843 confugiendo
1512 1777 1667 1845 requiescit.
1676 1776 1744 1830 liam
1759 1776 1840 1846 quod

203 1852 378 1923 babyloniam
401 1860 442 1906 est
458 1850 596 1906 translata.
611 1848 677 1918 Quae
699 1859 792 1931 quarta
814 1849 904 1902 saeculi
922 1859 988 1903 aetas
1038 1844 1119 1899 etiarn
1142 1853 1203 1924 post
1220 1858 1274 1899 ιιι
1296 1856 1381 1897 annus
1403 1844 1551 1925 secundum
1574 1845 1839 1915 ejttsdenlerut»

204 1938 221 1977 a
250 1921 332 1976 Dauid
356 1935 441 2002 usque
472 1919 508 1976 ad
531 1921 797 1988 transmigrationem
828 1917 986 1988 Babylonis,
1039 1912 1368 1983 propbettamrediturex
1388 1922 1558 1982 capturam,
1572 1915 1740 1981 ettemplum
1752 1929 1836 1970 reno·

203 1990 289 2047 babet
299 2004 384 2044 annos
395 2000 472 2059 Juxta
488 1988 645 2044 liebraicatn
662 1987 985 2053 ueritatcmccecnttxtu,
1039 1990 1128 2049 ratur,
1143 1982 1203 2051 uuis
1219 1981 1306 2036 tidelis
1313 1980 1413 2036 curisti
1425 1998 1478 2037 nun
1490 1982 1629 2053 intelliget,
1645 1994 1706 2052 pot
1718 1986 1835 2041 crolota-

203 2060 279 2131 Juxta
305 2059 377 2115 Lxx
401 2059 564 2129 Interpretes
587 2057 688 2127 aliquot
715 2057 849 2126 amplius,
876 2069 986 2127 genera·
1039 2058 1241 2121 temporaque
1259 2052 1403 2131 septenarii
1421 2052 1525 2107 dierunt
1544 2055 1646 2108 numeri
1668 2055 1840 2122 repetitione»
1953 2085 1954 2098 t

204 2129 294 2186 tiones
304 2127 379 2198 jutta
400 2138 573 2195 utrorumque
598 2128 708 2181 codices
727 2141 799 2191 uun,
818 2135 986 2195 quartaruen
1041 2130 1341 2188 transcurruttt,ettant
1365 2119 1459 2184 noun.
1474 2121 1573 2189 idest,
1588 2122 1720 2178 Ecclesiae
1737 2124 1784 2179 {lai
1799 2122 1840 2177 ad·
1953 2199 1954 2206 ἵ

206 2199 371 2269 euangelista
382 2198 522 2253 llattltaetts
532 2196 598 2252 certi
608 2197 728 2267 mysterii
743 2197 826 2267 gratia
839 2210 883 2250 ιιι
897 2196 986 2263 ponit;
1040 2190 1114 2245 iiiatn
1124 2189 1263 2245 eoelertem
1275 2189 1423 2245 ierusalem
1433 2206 1467 2245 eu
1480 2191 1558 2260 bujua
1572 2193 1664 2247 seculi
1676 2194 1834 2262 peregrina·

207 2283 225 2323 a
249 2282 302 2346 qua
321 2268 396 2322 velut
417 2267 529 2337 juvenili
554 2274 634 2321 aetate
651 2267 678 2319 in
700 2266 798 2336 pupulo
817 2264 863 2319 liei
884 2264 987 2333 liegunt
1041 2262 1114 2315 tione
1129 2260 1313 2315 redeundum?
1334 2259 1387 2314 Per
1407 2275 1486 2328 quern
1508 2261 1561 2315 nisi
1580 2276 1627 2329 per
1643 2262 1736 2317 lesum
1753 2263 1833 2316 cbri-

207 2347 330 2405 teotpora
343 2346 493 2407 coeperunt.
508 2336 571 2391 llaec
585 2350 699 2403 natuque
714 2337 740 2389 itt
756 2334 911 2388 horninibus
924 2342 990 2389 cetos
1040 2339 1111 2385 stum
1125 2345 1190 2385 rere
1202 2327 1371 2384 sacerdotem
1384 2344 1525 2399 magnum,
1537 2331 1614 2400 cujus
1629 2332 1743 2401 liguram
1756 2346 1833 2402 gere·

207 2415 270 2478 apta
284 2406 320 2460 ad
337 2407 537 2476 gubernandum
560 2406 629 2460 solet
645 2405 771 2464 existere.
787 2403 933 2462 Sedecbias
943 2419 992 2457 au·
1041 2399 1144 2454 batille
1157 2398 1380 2481 lesusasacerdos
1394 2415 1508 2469 magnus
1526 2401 1599 2456 illius
1620 2405 1767 2469 temporis,
1780 2415 1841 2470 que

208 2487 263 2532 tetu
287 2478 484 2545 suprascriptus
512 2475 582 2531 tilius
604 2473 683 2529 losiae
709 2474 834 2543 regnauit
855 2474 933 2528 annis
951 2488 990 2528 ιι.
1021 2470 1171 2544 ιιιιιηιιιιιιι
1194 2468 1358 2523 edtilcatunt
1381 2476 1422 2523 cst
1445 2477 1508 2538 post
1528 2471 1731 2539 captiuitatem,
1751 2485 1831 2541 quero

207 2544 294 2614 liujus
307 2560 333 2599 tt
346 2558 432 2612 anno,
447 2544 518 2614 regis
536 2552 624 2598 autem
640 2543 782 2614 babylonis
796 2557 876 2607 ιιιιι,
897 2557 990 2598 secun·
1042 2538 1174 2608 propbeta
1188 2537 1331 2593 Zacharias
1346 2536 1447 2593 riditin
1459 2540 1569 2594 sordido
1584 2541 1691 2607 babitu,
1711 2541 1834 2596 derirto·

208 2614 272 2669 dum
288 2611 347 2669 dies
360 2614 466 2670 lunares
484 2627 576 2667 mensa
589 2627 626 2676 ιι,
637 2611 708 2668 vdie
727 2611 828 2667 mensis
839 2630 846 2664 :
855 2612 931 2682 iuxta
946 2623 992 2665 su·
1043 2608 1225 2677 quediabolo,
1239 2608 1285 2675 qui
1305 2607 1338 2660 ad
1358 2607 1418 2676 ejus
1435 2614 1632 2665 accusationem
1649 2611 1749 2677 stabat,
1761 2610 1834 2664 abia·

207 2681 439 2748 tscesrerodres,
451 2697 501 2738 rttt
511 2682 639 2740 kalendas
650 2681 724 2746 lolii,
739 2683 802 2736 luna
817 2697 843 2751 r,
859 2696 939 2752 quern
954 2681 992 2735 illi
1043 2685 1098 2732 tant
1112 2677 1150 2731 illi
1163 2678 1298 2731 sordidam
1313 2687 1416 2731 restem
1434 2689 1460 2732 et
1474 2679 1564 2732 daturo
1581 2680 1769 2734 indumentum
1785 2680 1833 2733 lto·

207 2753 330 2820 quintum
345 2753 415 2808 dient
429 2760 605 2822 computant,
623 2750 687 2806 ieria
704 2766 753 2816 ιιι,
767 2760 861 2817 aperta
875 2761 916 2806 est
927 2750 993 2810 ciri·
1044 2748 1119 2802 noris
1131 2755 1159 2802 et
1169 2748 1262 2817 giorite
1273 2762 1281 2796 z
1294 2748 1364 2801 sicul
1382 2760 1479 2815 corpus
1492 2747 1555 2802 lesu
1569 2747 1689 2816 citristi,
1707 2751 1780 2818 quod
1792 2758 1834 2803 eat

208 2831 263 2888 tes,
277 2832 304 2876 et
316 2821 430 2892 ingressi
443 2833 506 2876 sunt
518 2820 995 2891 omnesprincipesrcgisliabylonis,
1044 2815 1163 2871 Ecclesia
1182 2816 1337 2871 adversario
1361 2816 1387 2870 in
1403 2817 1454 2870 iloe
1470 2823 1619 2885 temporum
1636 2833 1685 2887 per
1702 2819 1834 2890 iudicium

210 2891 441 2961 possederuntque
452 2892 602 2957 ciuitatem,
610 2901 638 2946 et
646 2891 853 2946 transduxerunt
863 2890 990 2959 populum
1044 2894 1170 2955 superato
1189 2886 1293 2940 aluctu
1313 2885 1535 2954 peregrinationis
1554 2889 1580 2941 in
1598 2888 1710 2957 gloriam
1734 2889 1833 2957 scorpi-

209 2960 344 3028 otptirurn
363 2961 391 3016 in
410 2961 596 3041 Babylonem:
612 2960 716 3015 etinde
772 2967 828 3014 stea
851 2960 990 3016 Nabuzar-
1045 2966 1128 3011 terne
1140 2956 1234 3011 salutis
1246 2956 1415 3010 assumetur?
1428 2955 1504 3021 Quod
1514 2958 1594 3010 etiam
1609 2957 1636 3010 in
1647 2958 1840 3024 psalrnodedt«

209 3031 272 3085 deur
286 3030 410 3099 princeps
426 3032 528 3085 rnilttiae
546 3030 683 3085 exercitus
697 3032 733 3083 ila
772 3030 840 3084 lonis
856 3044 949 3085 mense
959 3043 990 3094 r,
1043 3026 1157 3080 cationis
1168 3023 1263 3080 domus
1274 3025 1443 3091 apertissime
1455 3028 1578 3080 canitur:
1590 3025 1745 3081 demersisti
1758 3029 1832 3096 plan·

211 3100 281 3159 xdie
291 3101 391 3154 utensis
407 3101 522 3165 lunaris,
533 3100 629 3156 solaris
647 3115 712 3153 uero
727 3045 886 3154 delendas
900 3102 992 3169 Augu·
1044 3104 1113 3149 ctum
1125 3096 1245 3148 meuntin
1255 3093 1377 3174 goudium
1390 3094 1462 3175 nubi,
1474 3105 1526 3151 etc.
1538 3095 1597 3166 (Pr.
1612 3111 1688 3160 satu,
1703 3097 1842 3176 12).an

211 3167 259 3234 sti,
274 3168 337 3222 luna
347 3183 378 3234 x,
387 3184 469 3290 poam
481 3169 584 3225 liebraei
592 3168 725 3222 decimum
739 3168 810 3223 dieot
822 3167 908 3237 quinti
919 3182 994 3223 tneo·
1044 3172 1133 3236 potest
1143 3179 1176 3219 et
1191 3179 1334 3219 uocastone
1344 3162 1455 3219 alternus
1466 3168 1556 3233 operis
1565 3167 1655 3219 omnia
1666 3181 1730 3234 quae
1743 3166 1770 3219 in
1783 3168 1835 3222 tilis

213 3238 371 3300 citrosam,
406 3240 517 3293 estructi
528 3248 589 3291 runt
603 3237 675 3291 muri
686 3238 812 3306 civitatis,
827 3247 855 3293 et
866 3239 993 3306 templum
1046 3235 1181 3289 ueteribus
1199 3233 1265 3303 legis
1280 3242 1309 3287 et
1327 3236 1518 3300 prophetarum
1535 3235 1611 3290 libris
1628 3235 1771 3290 Citristunt
1790 3252 1835 3289 art·

211 3306 311 3376 pariter
327 3305 466 3361 incensum
485 3316 565 3374 atque
582 3314 715 3361 vastatum
729 3314 787 3372 est,
802 3320 872 3361 anno
885 3321 919 3361 eu
942 3321 996 3377 quo
1047 3305 1182 3369 nuntiant,
1196 3302 1360 3372 quantalibet
1375 3303 1506 3358 breuitate
1513 3306 1706 3374 perstringere,
1720 3321 1757 3359 ne
1769 3306 1836 3363 torto

212 3373 317 3429 metiari
328 3376 419 3443 erepit,
430 3389 562 3430 ccccxxx.
579 3375 608 3432 sl
623 3391 688 3432 tero
704 3391 720 3430 a
737 3389 781 3430 ote
794 3385 930 3446 queratur
946 3390 995 3444 per
1047 3374 1107 3442 quis
1131 3383 1207 3442 putet
1225 3373 1332 3441 ingenio
1355 3372 1429 3438 lieri,
1453 3381 1485 3427 ut
1500 3388 1531 3427 ea
1550 3390 1610 3443 quse
1631 3390 1724 3428 rerunt
1742 3376 1837 3431 ordina

212 3444 276 3520 (prid
289 3445 372 3498 sciant
392 3445 459 3508 boc,
479 3455 525 3500 out
538 3459 592 3512 quo
608 3447 688 3500 modo
702 3445 788 3514 potuit
806 3448 857 3499 truc
874 3445 931 3499 lieri
943 3486 951 3507 ,
965 3453 994 3498 ut
1046 3456 1094 3497 sua
1110 3451 1231 3510 tempora
1245 3453 1433 3507 cucurrerunt,
1457 3442 1491 3496 ad
1510 3442 1609 3498 Citristi
1626 3443 1837 3511 significationes

212 3513 672 3583 talibusdiebusrelcomprehensa
685 3514 881 3579 lueritciritas,
896 3513 938 3567 rel
953 3514 995 3568 in·
1046 3512 1248 3581 interpretando
1270 3512 1425 3566 vertanturl
1448 3513 1505 3567 lioc
1526 3512 1595 3567 torte
1617 3511 1704 3566 indui
1725 3525 1837 3580 possunt

211 3597 306 3649 censa,
321 3584 471 3652 respondeo
482 3586 543 3653 quia
558 3585 616 3653 ipso
633 3598 704 3639 anno
720 3582 881 3639 xltaiendas
894 3584 995 3651 Aprilis
1046 3581 1138 3638 dicere
1149 3583 1207 3637 sire
1221 3582 1325 3651 pagani,
1339 3582 1379 3635 eis
1393 3592 1481 3637 autern
1495 3584 1540 3652 qui
1557 3597 1587 3637 se
1600 3581 1774 3637 Christianos
1788 3599 1835 3650 prr·

212 3653 315 3707 exstitit
334 3653 482 3708 secuudum
502 3654 561 3708 dies
577 3657 684 3709 lunares
698 3654 759 3706 anni
774 3654 952 3724 principium,
967 3662 995 3709 et
1047 3652 1097 3706 tari
1115 3652 1225 3716 volunt,
1248 3650 1345 3719 premit
1362 3652 1494 3707 uerticem
1515 3654 1669 3720 Apostolica
1690 3654 1838 3707 auctoritas

212 3721 406 3792 primi—mensis
420 3721 599 3777 initiumlam
613 3722 775 3792 ipsainliab
796 3723 894 3778 ioniam
909 3731 995 3779 trans·
1045 3719 1367 3776 dioenszorrtniuboect'n
1381 3721 1654 3792 figuraruntingebunt
1669 3719 1838 3788 §trinubae
1953 3767 1954 3800 ,

212 3789 347 3858 nigrario.
362 3793 504 3858 qnoetiant
521 3794 631 3860 spiritus
647 3792 693 3847 Dei
710 3806 759 3861 per
773 3738 916 3848 serentium
932 3806 994 3860 pro·
1046 3793 1132 3846 outttio
1145 3790 1234 3863 figure
1247 3800 1341 3845 nostre
1354 3790 1457 3860 fuerunt
1465 3791 1488 3864 (Ι
1499 3791 1558 3846 cor.
1581 3794 1617 3859 a)

212 3857 321 3929 phetam
332 3859 410 3929 jubet
425 3869 454 3915 ut
467 3870 595 3931 peragant
617 3872 644 3916 et
662 3872 741 3917 orent
755 3876 804 3930 pro
818 3864 858 3917 eis
867 3862 944 3931 ipsis,
966 3863 994 3917 in

622 4030 941 4118 SENTENTIA
978 4033 1057 4116 AD
1093 4029 1440 4120 monnellus,

254 4252 643 4313 lnnnncterenodunaniten
654 4257 891 4313 mundilleuscum
902 4265 1007 4312 cetera
1052 4255 1208 4311 mandatnm
1222 4267 1282 4312 est:
1297 4255 1396 4328 Diliges
1407 4259 1633 4328 promimumtttuttt
1650 4260 1715 4314 sicut
1730 4260 1840 4328 teipren

217 4327 343 4382 animalia
358 4341 442 4396 prona
459 4326 485 4380 in
499 4326 608 4383 bonrum
633 4327 696 4396 iungi
709 4326 831 4396 jusserit,
846 4328 936 4381 solunt
952 4328 1001 4383 bo·
1053 4325 1157 4398 (benit,
1180 4326 1412 4392 sru‚18;l1uttir.
1438 4334 1513 4397 urtt',
1535 4329 1593 4398 59).
1611 4328 1651 4384 ad
1671 4328 1753 4398 nujus
1776 4344 1840 4384 roro
1953 4381 1954 4384 ,

216 4398 316 4450 minem
331 4406 434 4451 rectum
448 4394 643 4466 sublimemque
652 4397 751 4451 lactum
766 4395 925 4452 habitudine
944 4398 1001 4465 ipse
1052 4396 1170 4450 mandati
1183 4396 1364 4452 obedientiam
1380 4404 1501 4452 nontam
1517 4407 1663 4468 precepto,
1682 4399 1730 4452 red
1747 4408 1839 4454 natura

216 4466 339 4547 corporis
351 4465 385 4521 ad
397 4466 651 4549 contemplationem
672 4466 714 4521 soi
729 4466 901 4590 prouocauit.
926 4467 1002 4549 llunc
1052 4465 1185 4547 ducimur.
1200 4466 1271 4548 Quid
1283 4468 1354 4574 ettinp
1371 4476 1423 4520 tarn
1445 4481 1592 4548 commune
1617 4467 1734 4550 cunctis,
1759 4483 1837 4537 quant

216 4533 1000 4674 bullitumltzllttilttillllllintristi
1015 4533 1839 4675 ¹>illlitllllllltdtllllillllllillifflm·

215 4671 342 4728 mandata
357 4675 416 4729 bec
427 4682 506 4729 sunt:
528 4675 627 4745 Diliges
642 4674 780 4729 Dominum
793 4674 876 4728 Deum
887 4683 958 4729 tuuln
967 4692 1000 4729 ce
1050 4684 1091 4728 est
1104 4673 1281 4731 buntnnitas'l
1296 4675 1362 4729 itan
1375 4675 1439 4746 quid
1452 4677 1525 4731 atiud
1551 4679 1637 4749 tnagis
1651 4692 1733 4747 quant
1746 4677 1790 4731 bie
1800 4677 1839 4731 at·

216 4749 270 4796 toto
282 4741 423 4807 cordetuo,
438 4750 462 4796 et
471 4759 505 4798 ιω
518 4750 571 4798 totu
589 4755 669 4798 orente
692 4753 747 4807 tuo,
759 4752 783 4798 et
799 4759 832 4797 ee
846 4753 900 4798 totu
912 4746 999 4798 eninm
1052 4742 1137 4798 iectus
1151 4757 1227 4799 nosa
1240 4744 1337 4810 belluis
1348 4745 1496 4801 discernit?
1507 4747 1545 4802 lta
1561 4763 1616 4802 nott
1625 4757 1765 4802 reservata
1774 4745 1838 4799 cita·

215 4820 261 4866 ttttr
284 4808 372 4892 (Βιιιιἶ
392 4826 429 4893 ιι,
446 4813 478 4877 5,
500 4810 595 4867 lintri.
624 4828 690 4880 utu,
704 4813 762 4895 sl).
778 4812 1003 4887 intolerandum,
1051 4813 1141 4877 ritate,
1158 4812 1251 4869 teritus
1264 4822 1315 4869 est.
1331 4813 1364 4869 Et
1378 4823 1467 4871 tamen
1491 4830 1546 4871 non
1565 4817 1594 4871 in
1608 4815 1670 4882 buc,
1684 4825 1715 4871 ut
1735 4816 1762 4870 in
1782 4818 1839 4882 pie·

215 4893 319 5004 quipse,
338 4879 447 4964 aitqutd·
458 4890 507 5004 aup¹
518 4883 651 4953 ingratum
668 4885 819 4965 praecipitur
828 4884 929 4966 illiligi
942 4898 972 4938 se
984 4897 999 4937 a
1052 4883 1144 4951 risque
1160 4884 1251 4949 rebus,
1265 4884 1427 4967 beneficium
1438 4893 1539 4940 tautum
1554 4885 1719 4968 damus,red
1733 4896 1838 4966 rnutoas

216 4963 294 5100 iit?
301 4948 874 5089 lttltd‘nltltlidltlllll
887 4967 1002 5087 ‘illiti
1052 4953 1588 5095 iltttlltllll‘tll‘itdull,
1601 4969 1838 5093 linimur:

215 5089 261 5142 btc
271 5088 674 5161 eamdeutdecepto-repararit;
687 5090 731 5145 itio
744 5091 823 5147 nobis
834 5093 1001 5148 constituens
1053 5105 1186 5159 amamus,
1202 5101 1256 5148 uta
1270 5093 1396 5164 prosimu
1408 5108 1532 5149 eruemur
1554 5109 1666 5151 necesse
1676 5106 1730 5150 cst.
1742 5094 1838 5164 lliliga·

217 5158 321 5226 legem
336 5157 379 5212 ltic
390 5160 534 5227 propbetas
548 5161 653 5225 emisit3
674 5161 717 5215 ltic
732 5169 869 5229 postremo
891 5171 1001 5231 propter
1053 5175 1113 5215 ntus
1127 5176 1191 5230 ergo
1203 5177 1298 5218 omnes
1310 5178 1372 5217 eum
1390 5179 1423 5218 cx
1436 5173 1491 5218 toto
1513 5165 1596 5220 eorde
1610 5175 1717 5225 nostro,
1734 5163 1778 5232 qui
1801 5164 1838 5216 le·

217 5240 268 5280 nus
282 5227 390 5282 unicum
403 5227 498 5284 Filium
519 5244 595 5284 suunt
609 5244 624 5283 a
637 5230 706 5284 ceelo
717 5229 893 5297 descendere,
915 5230 1000 5297 nasci,
1052 5244 1112 5300 gem
1124 5231 1222 5298 sancit,
1241 5242 1269 5286 ut
1284 5241 1377 5288 mutuo
1396 5234 1578 5303 nosmetipsos
1598 5235 1751 5304 diligamus.
1764 5231 1836 5286 licli-

219 5295 367 5363 attreetari‚
383 5298 451 5353 mori
477 5313 572 5368 passus
588 5307 638 5353 est.
653 5298 748 5354 iionne
762 5300 806 5354 bie
828 5300 901 5370 diligi
922 5314 963 5366 se,
978 5303 1000 5354 si
1052 5314 1106 5364 qua
1117 5302 1302 5356 mandatorum
1319 5303 1425 5357 bomini
1439 5303 1481 5357 bis
1496 5304 1639 5373 preceptis
1655 5303 1835 5358 condreatur.

221 5378 274 5417 nun
287 5364 431 5421 admoneat
441 5372 596 5438 praeceptis,
611 5368 682 5438 cogit
701 5369 856 5424 beneflciis:
878 5369 948 5435 Quid
962 5387 1002 5424 re·
1052 5368 1174 5438 Namque
1193 5372 1244 5426 ista
1257 5371 1411 5440 hujusmodi
1430 5381 1504 5438 sunt,
1522 5381 1551 5429 ut
1569 5375 1593 5428 si
1610 5373 1672 5442 quis
1684 5388 1719 5428 ea
1738 5381 1835 5426 tanum

220 5432 330 5488 tribuunt
343 5433 456 5490 Domino
467 5453 514 5507 pro
527 5440 642 5492 omnibus
655 5454 714 5509 quc
737 5439 855 5493 retribuit
868 5438 931 5493 milti
944 5438 1004 5512 (Pr.
1059 5439 1203 5508 custodiat,
1219 5441 1307 5496 omnia
1322 5439 1427 5512 implet.
1441 5444 1528 5512 utque
1542 5442 1602 5499 inec
1622 5443 1704 5498 etiarn
1718 5453 1781 5497 ante
1791 5440 1836 5495 ad·

225 5514 289 5564 ext,
306 5500 371 5571 iili
385 5503 419 5559 llt
430 5505 539 5575 diligam
550 5521 614 5562 eunt
624 5523 657 5561 ex
671 5516 727 5563 toto
744 5509 827 5564 corde
837 5523 909 5573 uteo.
925 5517 953 5564 et
972 5522 1004 5564 ex
1060 5519 1170 5564 rentum
1185 5509 1232 5564 llei
1246 5509 1450 5581 Salvatorisque
1460 5512 1544 5568 nostri
1553 5520 1660 5569 serrata
1670 5519 1744 5568 tunt.
1759 5509 1837 5566 liobb

223 5575 283 5626 tota
303 5581 392 5628 orente
408 5588 486 5641 moa,
506 5586 532 5631 et
552 5586 653 5632 estora
672 5579 762 5633 anima
788 5592 859 5636 toea.
883 5578 1006 5649 Sequens
1059 5594 1125 5636 reru
1150 5580 1345 5639 recentioribus
1364 5581 1473 5652 insuper
1497 5582 1649 5656 praeceptis,
1671 5592 1700 5639 et
1721 5579 1837 5650 surlet,
